市场代码,证券代码,时间,最新价,成交笔数,成交额,成交量,方向,买一价,买二价,买三价,买四价,买五价,卖一价,卖二价,卖三价,卖四价,卖五价,买一量,买二量,买三量,买四量,买五量,卖一量,卖二量,卖三量,卖四量,卖五量
SZ,000001,2019-06-21 09:25:03,13.7600,316,15084414.0000,10963,S,13.7600,13.7500,13.7400,13.7300,13.7200,13.7700,13.7800,13.7900,13.8000,13.8100,3604,176,40,805,193,472,78,1929,377,35
SZ,000001,2019-06-21 09:30:03,13.7400,291,11352756.0000,8252,S,13.7200,13.7100,13.7000,13.6900,13.6800,13.7400,13.7600,13.7700,13.7800,13.7900,308,388,868,144,891,49,151,156,761,1717
SZ,000001,2019-06-21 09:30:06,13.7200,80,1567312.0000,1140,S,13.7200,13.7100,13.7000,13.6900,13.6800,13.7500,13.7600,13.7700,13.7800,13.7900,693,416,1073,157,959,400,133,85,965,1695
SZ,000001,2019-06-21 09:30:09,13.7600,58,1184370.0000,861,B,13.7400,13.7300,13.7200,13.7100,13.7000,13.7600,13.7800,13.7900,13.8000,13.8100,33,92,621,426,1043,62,985,1697,531,48
SZ,000001,2019-06-21 09:30:12,13.7500,19,320484.0000,233,S,13.7300,13.7200,13.7100,13.7000,13.6900,13.7500,13.7600,13.7800,13.7900,13.8000,190,486,426,1063,157,1,36,988,1697,531
SZ,000001,2019-06-21 09:30:15,13.7700,23,169420.0000,123,B,13.7700,13.7300,13.7200,13.7100,13.7000,13.7800,13.7900,13.8000,13.8100,13.8200,241,171,694,426,1088,988,1697,531,53,158
SZ,000001,2019-06-21 09:30:18,13.7500,17,349754.0000,254,S,13.7500,13.7400,13.7300,13.7200,13.7100,13.7700,13.7800,13.7900,13.8000,13.8100,5,11,108,687,426,1,1063,1694,551,53
SZ,000001,2019-06-21 09:30:21,13.7500,9,35786.0000,26,S,13.7500,13.7400,13.7300,13.7200,13.7100,13.7800,13.7900,13.8000,13.8100,13.8200,80,11,108,687,426,1060,1674,551,53,158
SZ,000001,2019-06-21 09:30:24,13.7600,10,232316.0000,169,B,13.7300,13.7200,13.7100,13.7000,13.6900,13.7500,13.7600,13.7700,13.7800,13.7900,102,695,442,1083,157,3,6,6,1083,1674
SZ,000001,2019-06-21 09:30:27,13.7500,8,24726.0000,18,B,13.7400,13.7300,13.7200,13.7100,13.7000,13.7500,13.7600,13.7700,13.7800,13.7900,1,93,695,452,1183,753,6,79,1062,1670
SZ,000001,2019-06-21 09:30:30,13.7300,5,49474.0000,36,S,13.7300,13.7200,13.7100,13.7000,13.6900,13.7400,13.7500,13.7600,13.7700,13.7800,95,695,462,1183,157,2,733,26,183,1062
SZ,000001,2019-06-21 09:30:33,13.7300,12,130468.0000,95,S,13.7300,13.7200,13.7100,13.7000,13.6900,13.7400,13.7500,13.7600,13.7700,13.7800,30,695,482,1179,157,15,736,85,245,1060
SZ,000001,2019-06-21 09:30:36,13.7400,111,2891648.0000,2109,B,13.7100,13.7000,13.6900,13.6800,13.6700,13.7400,13.7500,13.7600,13.7700,13.7800,9,377,157,959,179,148,738,7,245,1065
SZ,000001,2019-06-21 09:30:39,13.7300,16,194868.0000,142,S,13.7100,13.7000,13.6900,13.6800,13.6700,13.7300,13.7400,13.7500,13.7600,13.7700,39,476,157,960,179,871,182,803,11,507
SZ,000001,2019-06-21 09:30:42,13.7300,11,356884.0000,260,B,13.7100,13.7000,13.6900,13.6800,13.6700,13.7300,13.7400,13.7500,13.7600,13.7700,164,506,157,960,179,709,111,804,11,183
SZ,000001,2019-06-21 09:30:45,13.7100,11,379988.0000,277,S,13.7100,13.7000,13.6900,13.6800,13.6700,13.7200,13.7300,13.7400,13.7500,13.7600,157,506,157,960,179,6,682,133,101,25
SZ,000001,2019-06-21 09:30:48,13.7200,22,274328.0000,200,B,13.7200,13.7100,13.7000,13.6900,13.6800,13.7300,13.7400,13.7500,13.7600,13.7700,133,31,490,157,960,621,133,101,25,163
SZ,000001,2019-06-21 09:30:51,13.7300,10,326764.0000,238,B,13.7200,13.7100,13.7000,13.6900,13.6800,13.7300,13.7400,13.7500,13.7600,13.7700,164,52,490,157,960,392,159,101,25,163
SZ,000001,2019-06-21 09:30:54,13.7200,26,639368.0000,466,S,13.7100,13.7000,13.6900,13.6800,13.6700,13.7200,13.7300,13.7400,13.7500,13.7600,336,490,157,960,179,10,284,136,86,25
SZ,000001,2019-06-21 09:30:57,13.7100,16,244108.0000,178,S,13.7100,13.7000,13.6900,13.6800,13.6700,13.7200,13.7300,13.7400,13.7500,13.7600,780,498,158,960,199,497,283,151,86,25
SZ,000001,2019-06-21 09:31:00,13.7200,17,530856.0000,387,B,13.7100,13.7000,13.6900,13.6800,13.6700,13.7200,13.7300,13.7400,13.7500,13.7600,736,498,258,960,222,354,352,151,85,25
SZ,000001,2019-06-21 09:31:03,13.7100,46,1574220.0000,1148,S,13.7100,13.7000,13.6900,13.6800,13.6700,13.7200,13.7300,13.7400,13.7500,13.7600,9,498,258,960,227,162,352,151,85,25
SZ,000001,2019-06-21 09:31:06,13.7100,10,119280.0000,87,S,13.7100,13.7000,13.6900,13.6800,13.6700,13.7200,13.7300,13.7400,13.7500,13.7600,201,526,258,960,227,303,329,151,85,25
SZ,000001,2019-06-21 09:31:09,13.7100,19,467680.0000,341,S,13.7100,13.7000,13.6900,13.6800,13.6700,13.7200,13.7300,13.7400,13.7500,13.7600,84,416,258,960,229,94,245,151,95,29
SZ,000001,2019-06-21 09:31:12,13.7200,22,284008.0000,207,B,13.7200,13.7100,13.7000,13.6900,13.6800,13.7300,13.7400,13.7500,13.7600,13.7700,346,221,471,260,965,229,151,95,34,169
SZ,000001,2019-06-21 09:31:15,13.7200,16,230516.0000,168,S,13.7200,13.7100,13.7000,13.6900,13.6800,13.7300,13.7400,13.7500,13.7600,13.7700,685,226,471,260,970,211,151,95,34,179
SZ,000001,2019-06-21 09:31:18,13.7300,23,483296.0000,352,B,13.7300,13.7200,13.7100,13.7000,13.6900,13.7400,13.7500,13.7600,13.7700,13.7800,1,637,235,517,260,90,95,34,229,847
SZ,000001,2019-06-21 09:31:21,13.7300,14,244484.0000,178,S,13.7300,13.7200,13.7100,13.7000,13.6900,13.7400,13.7500,13.7600,13.7700,13.7800,424,700,308,522,260,25,200,34,229,847
SZ,000001,2019-06-21 09:31:24,13.7000,86,3628640.0000,2646,S,13.7100,13.7000,13.6900,13.6800,13.6700,13.7500,13.7600,13.7700,13.7800,13.7900,1,1178,260,970,274,184,35,229,847,1659
SZ,000001,2019-06-21 09:31:27,13.7300,15,290760.0000,212,B,13.7300,13.7100,13.7000,13.6900,13.6800,13.7400,13.7500,13.7600,13.7700,13.7800,60,40,119,262,968,15,272,35,229,847
SZ,000001,2019-06-21 09:31:30,13.7300,12,166152.0000,121,S,13.7200,13.7100,13.7000,13.6900,13.6800,13.7300,13.7400,13.7500,13.7600,13.7700,10,55,228,265,968,47,19,189,35,229
SZ,000001,2019-06-21 09:31:33,13.7400,13,325408.0000,237,B,13.7200,13.7100,13.7000,13.6900,13.6800,13.7400,13.7500,13.7600,13.7700,13.7800,192,66,255,265,968,16,194,35,229,897
SZ,000001,2019-06-21 09:31:36,13.7400,12,206024.0000,150,B,13.7400,13.7300,13.7200,13.7100,13.7000,13.7500,13.7600,13.7700,13.7800,13.7900,44,111,189,100,347,189,35,229,897,1657
SZ,000001,2019-06-21 09:31:39,13.7400,19,299624.0000,218,S,13.7400,13.7300,13.7200,13.7100,13.7000,13.7500,13.7600,13.7700,13.7800,13.7900,52,328,90,135,395,106,40,229,897,1657
SZ,000001,2019-06-21 09:31:42,13.7400,16,171732.0000,125,S,13.7400,13.7300,13.7200,13.7100,13.7000,13.7500,13.7600,13.7700,13.7800,13.7900,56,342,95,158,430,85,40,229,897,1657
SZ,000001,2019-06-21 09:31:45,13.7400,17,268052.0000,195,S,13.7400,13.7300,13.7200,13.7100,13.7000,13.7600,13.7700,13.7800,13.7900,13.8000,100,352,115,197,457,40,229,897,1657,584
SZ,000001,2019-06-21 09:31:48,13.7500,11,96304.0000,70,B,13.7500,13.7400,13.7300,13.7200,13.7100,13.7700,13.7800,13.7900,13.8000,13.8100,10,190,352,115,197,229,897,1657,584,83
SZ,000001,2019-06-21 09:31:51,13.7700,14,218864.0000,159,B,13.7500,13.7400,13.7300,13.7200,13.7100,13.7700,13.7800,13.7900,13.8000,13.8100,79,227,372,128,305,110,897,1657,584,83
SZ,000001,2019-06-21 09:31:54,13.7500,25,549844.0000,400,S,13.7500,13.7300,13.7200,13.7100,13.7000,13.7700,13.7800,13.7900,13.8000,13.8100,45,377,128,305,1462,90,897,1664,584,83
SZ,000001,2019-06-21 09:31:57,13.7500,16,166480.0000,121,S,13.7500,13.7400,13.7300,13.7200,13.7100,13.7700,13.7800,13.7900,13.8000,13.8100,48,58,389,128,327,17,877,1664,584,83
SZ,000001,2019-06-21 09:32:00,13.7800,8,48192.0000,35,B,13.7700,13.7500,13.7400,13.7300,13.7200,13.7800,13.7900,13.8000,13.8100,13.8200,56,288,61,389,128,875,1664,582,83,290
SZ,000001,2019-06-21 09:32:03,13.7700,17,211936.0000,154,S,13.7500,13.7400,13.7300,13.7200,13.7100,13.7700,13.7800,13.7900,13.8000,13.8100,401,66,389,128,347,40,906,1664,582,83
SZ,000001,2019-06-21 09:32:06,13.7700,16,303076.0000,220,B,13.7700,13.7500,13.7400,13.7300,13.7200,13.7800,13.7900,13.8000,13.8100,13.8200,309,437,76,389,130,772,1664,582,83,290
SZ,000001,2019-06-21 09:32:09,13.7700,28,1386880.0000,1007,S,13.7700,13.7600,13.7500,13.7400,13.7300,13.7900,13.8000,13.8100,13.8200,13.8300,235,23,397,76,389,1664,587,83,297,2496
SZ,000001,2019-06-21 09:32:12,13.7500,38,1518536.0000,1104,S,13.7500,13.7400,13.7300,13.7200,13.7100,13.7800,13.7900,13.8000,13.8100,13.8200,422,78,389,130,352,31,1666,587,83,297
SZ,000001,2019-06-21 09:32:15,13.7800,18,210688.0000,153,B,13.7800,13.7700,13.7600,13.7500,13.7400,13.7900,13.8000,13.8100,13.8200,13.8300,41,38,56,10,78,1654,587,83,297,2496
SZ,000001,2019-06-21 09:32:18,13.7900,26,279752.0000,203,B,13.7700,13.7600,13.7500,13.7400,13.7300,13.7900,13.8000,13.8100,13.8200,13.8300,125,107,34,105,733,1613,587,83,297,276
SZ,000001,2019-06-21 09:32:21,13.7800,10,188780.0000,137,S,13.7800,13.7700,13.7600,13.7500,13.7400,13.7900,13.8000,13.8100,13.8200,13.8300,19,118,40,76,131,1596,551,83,297,276
SZ,000001,2019-06-21 09:32:24,13.7700,4,79940.0000,58,S,13.7800,13.7700,13.7600,13.7500,13.7400,13.7900,13.8000,13.8100,13.8200,13.8300,101,122,41,178,131,1588,551,83,297,276
SZ,000001,2019-06-21 09:32:27,13.7800,36,941580.0000,683,S,13.7800,13.7700,13.7600,13.7500,13.7400,13.7900,13.8000,13.8100,13.8200,13.8300,290,122,41,155,131,1182,543,83,297,276
SZ,000001,2019-06-21 09:32:30,13.7900,17,865952.0000,628,B,13.7800,13.7700,13.7600,13.7500,13.7400,13.7900,13.8000,13.8100,13.8200,13.8300,623,154,41,214,131,601,548,82,297,276
SZ,000001,2019-06-21 09:32:33,13.7900,18,773428.0000,561,B,13.7800,13.7700,13.7600,13.7500,13.7400,13.7900,13.8000,13.8100,13.8200,13.8300,587,176,41,217,131,230,554,82,297,276
SZ,000001,2019-06-21 09:32:36,13.7900,24,477944.0000,346,B,13.7900,13.7800,13.7700,13.7600,13.7500,13.8000,13.8100,13.8200,13.8300,13.8400,133,565,175,42,246,600,82,297,276,245
SZ,000001,2019-06-21 09:32:39,13.7900,18,354528.0000,257,S,13.7900,13.7800,13.7700,13.7600,13.7500,13.8000,13.8100,13.8200,13.8300,13.8400,200,571,175,42,246,490,83,301,276,245
SZ,000001,2019-06-21 09:32:42,13.8000,55,1571232.0000,1140,B,13.7900,13.7700,13.7600,13.7500,13.7400,13.8000,13.8100,13.8200,13.8300,13.8400,23,1,52,246,131,382,52,301,276,2465
SZ,000001,2019-06-21 09:32:45,13.7900,19,147560.0000,107,S,13.7800,13.7700,13.7600,13.7500,13.7400,13.7900,13.8000,13.8100,13.8200,13.8300,22,1,52,246,131,5,369,52,301,276
SZ,000001,2019-06-21 09:32:48,13.8000,37,364092.0000,264,B,13.7900,13.7700,13.7600,13.7500,13.7400,13.8000,13.8100,13.8200,13.8300,13.8400,218,11,52,246,131,209,82,247,276,2465
SZ,000001,2019-06-21 09:32:51,13.7900,18,541936.0000,393,S,13.7900,13.7700,13.7600,13.7500,13.7400,13.8000,13.8100,13.8200,13.8300,13.8400,107,12,52,246,126,264,82,247,276,2465
SZ,000001,2019-06-21 09:32:54,13.8000,30,622192.0000,451,B,13.8000,13.7900,13.7800,13.7700,13.7600,13.8100,13.8200,13.8300,13.8400,13.8500,216,50,21,12,52,82,247,276,2465,1288
SZ,000001,2019-06-21 09:32:57,13.8000,18,361588.0000,262,S,13.8000,13.7900,13.7800,13.7700,13.7600,13.8100,13.8200,13.8300,13.8400,13.8500,95,73,21,42,52,73,263,276,2465,1283
SZ,000001,2019-06-21 09:33:00,13.8100,10,107668.0000,78,B,13.8000,13.7900,13.7800,13.7700,13.7600,13.8100,13.8200,13.8300,13.8400,13.8500,205,83,21,42,52,27,263,307,2465,1283
SZ,000001,2019-06-21 09:33:03,13.8100,29,756720.0000,548,B,13.8000,13.7900,13.7800,13.7700,13.7600,13.8100,13.8200,13.8300,13.8400,13.8500,749,123,48,42,52,3,65,307,2465,1283
SZ,000001,2019-06-21 09:33:06,13.8100,20,518392.0000,375,B,13.8100,13.8000,13.7900,13.7800,13.7700,13.8300,13.8400,13.8500,13.8600,13.8700,54,797,123,48,42,175,2465,1283,188,113
SZ,000001,2019-06-21 09:33:09,13.8000,25,1318012.0000,955,S,13.7900,13.7800,13.7700,13.7600,13.7500,13.8000,13.8100,13.8200,13.8300,13.8400,165,48,42,62,248,255,2,20,169,2507
SZ,000001,2019-06-21 09:33:12,13.8000,8,223520.0000,162,B,13.7900,13.7800,13.7700,13.7600,13.7500,13.8000,13.8100,13.8200,13.8300,13.8400,134,48,42,72,248,140,96,30,260,2514
SZ,000001,2019-06-21 09:33:15,13.8100,17,677936.0000,491,B,13.8100,13.8000,13.7900,13.7800,13.7700,13.8200,13.8300,13.8400,13.8500,13.8600,117,54,134,48,42,26,268,2519,1280,188
SZ,000001,2019-06-21 09:33:18,13.8000,9,218188.0000,158,S,13.8000,13.7900,13.7800,13.7700,13.7600,13.8100,13.8200,13.8300,13.8400,13.8500,230,166,48,42,72,83,78,355,2519,1280
SZ,000001,2019-06-21 09:33:21,13.8100,22,472272.0000,342,B,13.8000,13.7900,13.7800,13.7700,13.7600,13.8100,13.8200,13.8300,13.8400,13.8500,282,195,48,42,72,392,8,363,2519,1280
SZ,000001,2019-06-21 09:33:24,13.8400,42,3305580.0000,2390,B,13.8200,13.8000,13.7900,13.7800,13.7700,13.8400,13.8500,13.8600,13.8700,13.8800,5,303,195,48,42,1055,1280,188,113,395
SZ,000001,2019-06-21 09:33:27,13.8100,20,179536.0000,130,S,13.8100,13.8000,13.7900,13.7800,13.7700,13.8200,13.8300,13.8400,13.8500,13.8600,86,339,245,58,42,4,4,1128,1280,188
SZ,000001,2019-06-21 09:33:30,13.8200,10,91160.0000,66,B,13.8100,13.8000,13.7900,13.7800,13.7700,13.8200,13.8300,13.8400,13.8500,13.8600,51,344,245,58,42,130,2,1058,1290,188
SZ,000001,2019-06-21 09:33:33,13.8200,11,156128.0000,113,B,13.8100,13.8000,13.7900,13.7800,13.7700,13.8200,13.8300,13.8400,13.8500,13.8600,1163,509,245,34,46,55,5,1058,1295,188
SZ,000001,2019-06-21 09:33:36,13.8200,15,145120.0000,105,B,13.8200,13.8100,13.8000,13.7900,13.7800,13.8300,13.8400,13.8500,13.8600,13.8700,103,1445,519,245,34,36,1108,1364,183,113
SZ,000001,2019-06-21 09:33:39,13.8300,43,2909728.0000,2107,B,13.8200,13.8100,13.8000,13.7900,13.7800,13.8300,13.8400,13.8500,13.8600,13.8700,5,220,305,245,34,39,1151,1364,183,113
SZ,000001,2019-06-21 09:33:42,13.8300,16,1581712.0000,1143,B,13.8300,13.8200,13.8100,13.8000,13.7900,13.8400,13.8500,13.8600,13.8700,13.8800,13,115,220,305,245,142,1364,183,113,418
SZ,000001,2019-06-21 09:33:45,13.8400,9,164528.0000,119,B,13.8300,13.8200,13.8100,13.8000,13.7900,13.8400,13.8500,13.8600,13.8700,13.8800,16,62,255,320,245,176,1364,183,113,418
SZ,000001,2019-06-21 09:33:48,13.8400,21,574096.0000,415,B,13.8300,13.8200,13.8100,13.8000,13.7900,13.8400,13.8500,13.8600,13.8700,13.8800,138,102,260,355,245,22,1367,163,139,418
SZ,000001,2019-06-21 09:33:51,13.8400,12,242072.0000,175,B,13.8400,13.8300,13.8200,13.8100,13.8000,13.8500,13.8600,13.8700,13.8800,13.8900,1008,30,228,288,355,1366,163,139,418,322
SZ,000001,2019-06-21 09:33:54,13.8500,19,640880.0000,463,B,13.8400,13.8300,13.8200,13.8100,13.8000,13.8500,13.8600,13.8700,13.8800,13.8900,691,75,228,288,355,1279,168,139,423,322
SZ,000001,2019-06-21 09:33:57,13.8500,7,1497128.0000,1081,B,13.8400,13.8300,13.8200,13.8100,13.8000,13.8500,13.8600,13.8700,13.8800,13.8900,1055,106,218,288,384,362,168,139,426,322
SZ,000001,2019-06-21 09:34:00,13.8500,24,1546024.0000,1117,B,13.8400,13.8300,13.8200,13.8100,13.8000,13.8500,13.8600,13.8700,13.8800,13.8900,254,79,220,308,384,295,198,139,406,327
SZ,000001,2019-06-21 09:34:03,13.8000,72,2151528.0000,1557,S,13.7900,13.7800,13.7700,13.7600,13.7500,13.8000,13.8200,13.8400,13.8500,13.8600,243,70,138,277,339,1485,1,141,277,198
SZ,000001,2019-06-21 09:34:06,13.8400,38,2523488.0000,1828,B,13.7900,13.7800,13.7700,13.7600,13.7500,13.8400,13.8500,13.8600,13.8700,13.8800,259,70,138,277,339,129,229,203,169,536
SZ,000001,2019-06-21 09:34:09,13.8700,45,1499176.0000,1082,B,13.8100,13.8000,13.7900,13.7800,13.7700,13.8400,13.8500,13.8700,13.8800,13.8900,4,33,272,70,538,72,43,17,566,327
SZ,000001,2019-06-21 09:34:12,13.8200,11,182696.0000,132,S,13.8200,13.8000,13.7900,13.7800,13.7700,13.8300,13.8400,13.8500,13.8700,13.8800,11,137,282,70,538,26,100,163,67,567
SZ,000001,2019-06-21 09:34:15,13.8300,8,60816.0000,44,B,13.8000,13.7900,13.7800,13.7700,13.7600,13.8200,13.8300,13.8400,13.8500,13.8600,220,274,70,538,279,2,2,221,196,110
SZ,000001,2019-06-21 09:34:18,13.8200,9,88496.0000,64,B,13.8200,13.8100,13.8000,13.7900,13.7800,13.8300,13.8400,13.8500,13.8600,13.8700,93,24,225,269,70,100,336,1076,149,80
SZ,000001,2019-06-21 09:34:21,13.8200,27,360592.0000,261,B,13.8100,13.8000,13.7900,13.7800,13.7700,13.8200,13.8300,13.8400,13.8500,13.8600,1,242,269,70,538,27,177,434,1109,149
SZ,000001,2019-06-21 09:34:24,13.8200,11,109112.0000,79,B,13.8100,13.8000,13.7900,13.7800,13.7700,13.8200,13.8300,13.8400,13.8500,13.8600,5,235,269,93,538,76,229,634,1122,158
SZ,000001,2019-06-21 09:34:27,13.8000,52,1360616.0000,985,S,13.8000,13.7900,13.7800,13.7700,13.7600,13.8200,13.8300,13.8400,13.8500,13.8600,1,269,93,543,287,45,128,634,1137,54
SZ,000001,2019-06-21 09:34:30,13.8200,24,353632.0000,257,B,13.7900,13.7800,13.7700,13.7600,13.7500,13.8000,13.8200,13.8300,13.8400,13.8500,161,93,563,288,243,3,64,19,613,1081
SZ,000001,2019-06-21 09:34:33,13.7500,95,2975168.0000,2161,S,13.7500,13.7400,13.7300,13.7200,13.7100,13.8200,13.8400,13.8500,13.8600,13.8700,516,98,741,472,827,12,615,1081,54,94
SZ,000001,2019-06-21 09:34:36,13.8100,15,288704.0000,209,B,13.8100,13.8000,13.7900,13.7600,13.7500,13.8400,13.8500,13.8600,13.8700,13.8800,26,40,1,103,624,607,1081,254,94,587
SZ,000001,2019-06-21 09:34:39,13.7800,16,187664.0000,136,S,13.7600,13.7500,13.7400,13.7300,13.7200,13.7800,13.8000,13.8100,13.8200,13.8300,103,420,117,741,473,85,4,824,23,400
SZ,000001,2019-06-21 09:34:42,13.8000,21,441520.0000,320,B,13.7700,13.7600,13.7500,13.7400,13.7300,13.7800,13.8000,13.8100,13.8200,13.8300,572,33,458,117,741,30,71,273,27,540
SZ,000001,2019-06-21 09:34:45,13.7800,9,99248.0000,72,B,13.7800,13.7700,13.7600,13.7500,13.7400,13.7900,13.8000,13.8100,13.8200,13.8300,411,668,35,376,117,3,64,266,27,540
SZ,000001,2019-06-21 09:34:48,13.8000,16,381840.0000,277,B,13.7900,13.7800,13.7700,13.7600,13.7500,13.8000,13.8100,13.8200,13.8300,13.8400,16,432,502,1,446,207,316,27,1040,660
SZ,000001,2019-06-21 09:34:51,13.8000,13,302224.0000,219,B,13.8000,13.7900,13.7800,13.7700,13.7600,13.8100,13.8200,13.8300,13.8400,13.8500,2,4,328,548,2027,316,52,941,676,1616
SZ,000001,2019-06-21 09:34:54,13.8000,16,117304.0000,85,S,13.7900,13.7800,13.7700,13.7600,13.7500,13.8000,13.8100,13.8200,13.8300,13.8400,19,286,548,2027,481,46,326,56,945,676
SZ,000001,2019-06-21 09:34:57,13.8000,7,363016.0000,263,B,13.7800,13.7700,13.7600,13.7500,13.7400,13.7900,13.8000,13.8100,13.8200,13.8300,297,548,2380,484,120,30,196,207,56,945
SZ,000001,2019-06-21 09:35:00,13.8000,20,415344.0000,301,B,13.8000,13.7900,13.7800,13.7700,13.7600,13.8100,13.8200,13.8300,13.8400,13.8500,16,38,391,648,2385,289,56,945,542,826
SZ,000001,2019-06-21 09:35:03,13.8000,20,496936.0000,360,S,13.8000,13.7900,13.7800,13.7700,13.7600,13.8100,13.8200,13.8300,13.8400,13.8500,100,57,370,169,2388,229,56,945,542,826
SZ,000001,2019-06-21 09:35:06,13.8100,33,738536.0000,535,B,13.8100,13.8000,13.7900,13.7800,13.7700,13.8200,13.8300,13.8400,13.8500,13.8600,131,232,57,481,170,56,752,542,826,276
SZ,000001,2019-06-21 09:35:09,13.8200,17,411760.0000,298,B,13.8200,13.8100,13.8000,13.7900,13.7800,13.8300,13.8400,13.8500,13.8600,13.8700,318,45,484,107,456,728,542,824,276,822
SZ,000001,2019-06-21 09:35:12,13.8400,19,1111864.0000,804,B,13.8100,13.8000,13.7900,13.7800,13.7700,13.8400,13.8500,13.8600,13.8700,13.8800,32,517,88,456,176,524,834,282,822,609
SZ,000001,2019-06-21 09:35:15,13.8200,85,4771280.0000,3462,S,13.8100,13.8000,13.7600,13.7500,13.7400,13.8200,13.8300,13.8400,13.8500,13.8600,52,1,718,348,128,4,5,139,844,282
SZ,000001,2019-06-21 09:35:18,13.8200,14,548872.0000,397,B,13.8100,13.8000,13.7800,13.7700,13.7600,13.8200,13.8300,13.8400,13.8500,13.8600,39,156,1,56,848,17,26,128,846,282
SZ,000001,2019-06-21 09:35:21,13.8400,35,915088.0000,661,B,13.8400,13.8300,13.8200,13.8100,13.8000,13.8500,13.8600,13.8700,13.8800,13.8900,13,8,119,695,158,651,282,867,614,357
SZ,000001,2019-06-21 09:35:24,13.8300,32,1273616.0000,922,S,13.8200,13.8000,13.7800,13.7700,13.7600,13.8300,13.8400,13.8500,13.8600,13.8700,16,145,6,386,860,2,1,600,282,867
SZ,000001,2019-06-21 09:35:27,13.8300,6,73296.0000,53,B,13.8200,13.8100,13.8000,13.7900,13.7800,13.8300,13.8400,13.8500,13.8600,13.8700,71,5,148,21,6,3,511,439,282,867
SZ,000001,2019-06-21 09:35:30,13.8300,4,63616.0000,46,B,13.8300,13.8200,13.8100,13.8000,13.7900,13.8400,13.8500,13.8600,13.8700,13.8800,109,66,20,151,21,557,439,276,867,621
SZ,000001,2019-06-21 09:35:33,13.8300,10,208864.0000,151,S,13.8300,13.8200,13.8100,13.8000,13.7900,13.8400,13.8500,13.8600,13.8700,13.8800,218,76,33,191,21,509,441,278,872,621
SZ,000001,2019-06-21 09:35:36,13.8500,17,1382672.0000,999,B,13.8400,13.8300,13.8200,13.8100,13.8000,13.8500,13.8600,13.8700,13.8800,13.8900,376,835,106,33,195,341,278,896,621,337
SZ,000001,2019-06-21 09:35:39,13.8400,7,173024.0000,125,S,13.8400,13.8300,13.8200,13.8100,13.8000,13.8500,13.8600,13.8700,13.8800,13.8900,282,781,214,33,367,318,278,896,821,337
SZ,000001,2019-06-21 09:35:42,13.8600,27,718744.0000,519,B,13.8500,13.8400,13.8300,13.8200,13.8100,13.8600,13.8700,13.8800,13.8900,13.9000,23,262,887,244,43,261,870,822,337,667
SZ,000001,2019-06-21 09:35:45,13.8500,30,889840.0000,643,S,13.8400,13.8300,13.8200,13.8100,13.8000,13.8500,13.8600,13.8700,13.8800,13.8900,5,654,244,43,435,122,261,870,822,337
SZ,000001,2019-06-21 09:35:48,13.8500,15,543048.0000,392,B,13.8500,13.8400,13.8300,13.8200,13.8100,13.8600,13.8700,13.8800,13.8900,13.9000,29,37,653,244,41,160,870,822,337,682
SZ,000001,2019-06-21 09:35:51,13.8500,15,141296.0000,102,S,13.8500,13.8400,13.8300,13.8200,13.8100,13.8600,13.8700,13.8800,13.8900,13.9000,2,93,650,242,42,655,868,812,337,690
SZ,000001,2019-06-21 09:35:54,13.8600,19,399136.0000,288,B,13.8500,13.8400,13.8300,13.8200,13.8100,13.8600,13.8700,13.8800,13.8900,13.9000,90,107,650,242,41,402,868,804,337,695
SZ,000001,2019-06-21 09:35:57,13.8600,14,272920.0000,197,B,13.8500,13.8400,13.8300,13.8200,13.8100,13.8600,13.8700,13.8800,13.8900,13.9000,362,96,658,226,41,1658,875,804,337,702
SZ,000001,2019-06-21 09:36:00,13.8500,17,721616.0000,521,S,13.8400,13.8300,13.8200,13.8100,13.8000,13.8500,13.8600,13.8700,13.8800,13.8900,96,658,217,41,451,1050,1729,795,804,337
SZ,000001,2019-06-21 09:36:03,13.8400,17,419520.0000,303,S,13.8300,13.8200,13.8100,13.8000,13.7900,13.8400,13.8500,13.8600,13.8700,13.8800,668,217,28,461,21,29,1029,1642,795,805
SZ,000001,2019-06-21 09:36:06,13.8500,18,995584.0000,719,B,13.8300,13.8200,13.8100,13.8000,13.7900,13.8500,13.8600,13.8700,13.8800,13.8900,621,205,31,454,21,413,1642,802,805,358
SZ,000001,2019-06-21 09:36:09,13.8300,24,1023528.0000,740,S,13.8200,13.8100,13.8000,13.7900,13.7800,13.8300,13.8400,13.8500,13.8600,13.8700,205,31,492,21,167,586,209,514,1642,802
SZ,000001,2019-06-21 09:36:12,13.8300,9,536600.0000,388,B,13.8200,13.8100,13.8000,13.7900,13.7800,13.8300,13.8400,13.8500,13.8600,13.8700,204,31,417,21,167,377,284,482,1663,800
SZ,000001,2019-06-21 09:36:15,13.8500,53,3311376.0000,2391,B,13.8400,13.8200,13.8100,13.8000,13.7900,13.8600,13.8700,13.8800,13.8900,13.9000,8,130,31,439,31,921,800,807,387,801
SZ,000001,2019-06-21 09:36:18,13.8500,13,59536.0000,43,B,13.8300,13.8200,13.8100,13.8000,13.7900,13.8500,13.8600,13.8700,13.8800,13.8900,241,165,405,442,31,66,1157,806,807,387
SZ,000001,2019-06-21 09:36:21,13.8300,12,119056.0000,86,S,13.8300,13.8200,13.8100,13.8000,13.7900,13.8400,13.8500,13.8600,13.8700,13.8800,296,163,805,452,31,13,750,687,804,807
SZ,000001,2019-06-21 09:36:24,13.8200,23,1585928.0000,1146,S,13.8100,13.8000,13.7900,13.7800,13.7700,13.8200,13.8500,13.8600,13.8700,13.8800,773,452,31,177,406,255,531,687,804,807
SZ,000001,2019-06-21 09:36:27,13.8300,15,782640.0000,566,B,13.8300,13.8100,13.8000,13.7900,13.7800,13.8400,13.8500,13.8600,13.8700,13.8800,199,871,478,31,177,30,673,687,804,807
SZ,000001,2019-06-21 09:36:30,13.8300,8,193704.0000,140,S,13.8300,13.8200,13.8100,13.8000,13.7900,13.8500,13.8600,13.8700,13.8800,13.8900,134,501,878,478,31,668,1176,804,807,412
SZ,000001,2019-06-21 09:36:33,13.8500,4,31840.0000,23,B,13.8300,13.8200,13.8100,13.8000,13.7900,13.8500,13.8600,13.8700,13.8800,13.8900,155,510,878,471,31,665,1080,804,807,435
SZ,000001,2019-06-21 09:36:36,13.8300,22,877568.0000,634,S,13.8200,13.8100,13.8000,13.7900,13.7800,13.8300,13.8500,13.8600,13.8700,13.8800,492,1128,502,31,177,2499,333,1080,851,807
SZ,000001,2019-06-21 09:36:39,13.8300,10,85736.0000,62,B,13.8200,13.8100,13.8000,13.7900,13.7800,13.8300,13.8400,13.8500,13.8600,13.8700,508,1128,502,31,177,2611,13,379,1080,851
SZ,000001,2019-06-21 09:36:42,13.8200,15,1855864.0000,1342,S,13.8200,13.8100,13.8000,13.7900,13.7800,13.8300,13.8400,13.8500,13.8600,13.8700,446,1128,504,31,179,1435,113,436,1039,864
SZ,000001,2019-06-21 09:36:45,13.8200,8,167288.0000,121,S,13.8200,13.8100,13.8000,13.7900,13.7800,13.8300,13.8400,13.8500,13.8600,13.8700,386,1128,515,31,179,1380,113,438,1039,859
SZ,000001,2019-06-21 09:36:48,13.8200,24,1058968.0000,766,S,13.8200,13.8100,13.8000,13.7900,13.7800,13.8300,13.8400,13.8500,13.8600,13.8700,6,1138,522,31,32,1022,113,437,1042,859
SZ,000001,2019-06-21 09:36:51,13.8200,17,140968.0000,102,S,13.8100,13.8000,13.7900,13.7800,13.7700,13.8200,13.8300,13.8400,13.8500,13.8600,1136,530,31,32,556,65,1041,113,487,1042
SZ,000001,2019-06-21 09:36:54,13.8200,15,350928.0000,254,B,13.8200,13.8100,13.8000,13.7900,13.7800,13.8300,13.8400,13.8500,13.8600,13.8700,350,1035,524,31,30,957,113,487,1057,873
SZ,000001,2019-06-21 09:36:57,13.8500,48,6613352.0000,4777,B,13.8500,13.8300,13.8200,13.8100,13.8000,13.8600,13.8700,13.8800,13.8900,13.9000,491,16,284,1043,406,1057,897,807,431,941
SZ,000001,2019-06-21 09:37:00,13.8500,28,945456.0000,683,S,13.8300,13.8200,13.8100,13.8000,13.7900,13.8500,13.8600,13.8700,13.8800,13.8900,19,227,1033,406,31,1427,1057,897,811,431
SZ,000001,2019-06-21 09:37:03,13.8300,15,239160.0000,173,S,13.8300,13.8200,13.8100,13.8000,13.7900,13.8400,13.8500,13.8600,13.8700,13.8800,124,199,1033,411,31,19,1465,1057,896,811
SZ,000001,2019-06-21 09:37:06,13.8500,12,84440.0000,61,B,13.8300,13.8200,13.8100,13.8000,13.7900,13.8500,13.8600,13.8700,13.8800,13.8900,664,210,1033,431,31,1019,1062,886,811,431
SZ,000001,2019-06-21 09:37:09,13.8400,17,427368.0000,309,S,13.8300,13.8200,13.8100,13.8000,13.7900,13.8400,13.8500,13.8600,13.8700,13.8800,397,270,1033,446,31,177,629,1062,891,811
SZ,000001,2019-06-21 09:37:12,13.8300,43,1492968.0000,1080,S,13.8200,13.8100,13.8000,13.7900,13.7800,13.8300,13.8400,13.8500,13.8600,13.8700,3,840,448,31,45,83,217,520,1064,896
SZ,000001,2019-06-21 09:37:15,13.8200,5,77344.0000,56,S,13.8100,13.8000,13.7900,13.7800,13.7700,13.8200,13.8300,13.8400,13.8500,13.8600,795,448,31,45,461,28,470,237,575,1064
SZ,000001,2019-06-21 09:37:18,13.8100,27,688392.0000,498,S,13.8100,13.8000,13.7900,13.7800,13.7700,13.8300,13.8400,13.8500,13.8600,13.8700,712,498,31,45,461,210,237,537,1074,896
SZ,000001,2019-06-21 09:37:21,13.8300,5,160376.0000,116,B,13.8200,13.8100,13.8000,13.7900,13.7800,13.8300,13.8400,13.8500,13.8600,13.8700,56,705,519,31,45,159,392,543,1074,896
SZ,000001,2019-06-21 09:37:24,13.8100,9,294216.0000,213,S,13.8100,13.8000,13.7900,13.7800,13.7700,13.8200,13.8300,13.8400,13.8500,13.8600,771,519,31,45,461,23,261,392,569,1074
SZ,000001,2019-06-21 09:37:27,13.8200,21,319368.0000,231,B,13.8200,13.8100,13.8000,13.7900,13.7800,13.8300,13.8400,13.8500,13.8600,13.8700,466,795,615,31,78,114,392,589,1074,859
SZ,000001,2019-06-21 09:37:30,13.8200,8,341384.0000,247,S,13.8200,13.8100,13.8000,13.7900,13.7800,13.8300,13.8400,13.8500,13.8600,13.8700,272,800,621,31,78,128,386,606,1074,859
SZ,000001,2019-06-21 09:37:33,13.8000,54,2035632.0000,1474,S,13.8000,13.7900,13.7800,13.7700,13.7600,13.8200,13.8300,13.8400,13.8500,13.8600,327,31,78,461,908,1,614,386,620,1074
SZ,000001,2019-06-21 09:37:36,13.8200,17,492208.0000,356,B,13.8200,13.8100,13.8000,13.7900,13.7800,13.8300,13.8400,13.8500,13.8600,13.8700,477,162,365,31,70,413,386,687,1078,869
SZ,000001,2019-06-21 09:37:39,13.8300,12,442240.0000,320,B,13.8200,13.8100,13.8000,13.7900,13.7800,13.8300,13.8400,13.8500,13.8600,13.8700,229,282,366,31,70,459,386,687,1079,873
SZ,000001,2019-06-21 09:37:42,13.8100,23,739072.0000,535,S,13.8000,13.7900,13.7800,13.7700,13.7600,13.8100,13.8200,13.8300,13.8400,13.8500,381,31,70,461,956,102,53,479,386,702
SZ,000001,2019-06-21 09:37:45,13.8000,8,150536.0000,109,S,13.8000,13.7900,13.7800,13.7700,13.7600,13.8100,13.8200,13.8300,13.8400,13.8500,402,31,70,461,956,74,379,479,866,764
SZ,000001,2019-06-21 09:37:48,13.8000,11,353688.0000,256,S,13.8000,13.7900,13.7800,13.7700,13.7600,13.8200,13.8300,13.8400,13.8500,13.8600,399,31,70,461,956,235,542,866,764,1099
SZ,000001,2019-06-21 09:37:51,13.8100,7,87008.0000,63,B,13.8100,13.8000,13.7900,13.7800,13.7700,13.8200,13.8300,13.8400,13.8500,13.8600,173,411,31,70,461,763,563,866,774,1109
SZ,000001,2019-06-21 09:37:54,13.8100,13,370048.0000,268,S,13.8000,13.7900,13.7800,13.7700,13.7600,13.8100,13.8200,13.8300,13.8400,13.8500,369,31,70,262,986,14,891,563,866,774
SZ,000001,2019-06-21 09:37:57,13.8100,21,493296.0000,357,B,13.8000,13.7900,13.7800,13.7700,13.7600,13.8100,13.8200,13.8300,13.8400,13.8500,861,31,74,262,986,159,590,528,828,772
SZ,000001,2019-06-21 09:38:00,13.8100,39,599024.0000,434,B,13.8000,13.7900,13.7800,13.7700,13.7600,13.8100,13.8200,13.8300,13.8400,13.8500,560,31,74,262,886,249,535,528,828,772
SZ,000001,2019-06-21 09:38:03,13.8000,21,1163344.0000,843,S,13.7900,13.7800,13.7700,13.7600,13.7500,13.8000,13.8100,13.8200,13.8300,13.8400,1252,80,262,888,428,198,310,535,528,828
SZ,000001,2019-06-21 09:38:06,13.8000,26,425056.0000,308,B,13.7900,13.7800,13.7700,13.7600,13.7500,13.8000,13.8100,13.8200,13.8300,13.8400,1349,90,265,858,428,82,298,499,528,806
SZ,000001,2019-06-21 09:38:09,13.8100,23,336736.0000,244,B,13.8000,13.7900,13.7800,13.7700,13.7600,13.8100,13.8200,13.8300,13.8400,13.8500,50,1397,90,265,858,274,499,528,806,833
SZ,000001,2019-06-21 09:38:12,13.8100,13,190480.0000,138,B,13.7900,13.7800,13.7700,13.7600,13.7500,13.8000,13.8100,13.8200,13.8300,13.8400,1302,90,265,858,435,105,237,514,508,806
SZ,000001,2019-06-21 09:38:15,13.8000,12,208272.0000,151,B,13.7900,13.7800,13.7700,13.7600,13.7500,13.8000,13.8100,13.8200,13.8300,13.8400,1103,140,265,859,435,169,259,481,508,809
SZ,000001,2019-06-21 09:38:18,13.8000,9,242768.0000,176,B,13.7900,13.7800,13.7700,13.7600,13.7500,13.8000,13.8100,13.8200,13.8300,13.8400,1109,150,555,859,435,250,269,481,499,809
SZ,000001,2019-06-21 09:38:21,13.7900,19,237312.0000,172,S,13.7900,13.7800,13.7700,13.7600,13.7500,13.8000,13.8100,13.8200,13.8300,13.8400,1047,150,555,857,435,203,274,490,499,309
SZ,000001,2019-06-21 09:38:24,13.8000,13,202848.0000,147,B,13.7900,13.7800,13.7700,13.7600,13.7500,13.8000,13.8100,13.8200,13.8300,13.8400,1032,150,555,857,435,95,275,500,511,339
SZ,000001,2019-06-21 09:38:27,13.8000,21,258048.0000,187,B,13.7900,13.7800,13.7700,13.7600,13.7500,13.8000,13.8100,13.8200,13.8300,13.8400,1020,150,505,857,435,35,275,500,511,339
SZ,000001,2019-06-21 09:38:30,13.8000,15,120016.0000,87,B,13.8000,13.7900,13.7800,13.7700,13.7600,13.8100,13.8200,13.8300,13.8400,13.8500,40,1031,200,504,858,271,477,511,339,1016
SZ,000001,2019-06-21 09:38:33,13.8000,10,196016.0000,142,S,13.8000,13.7900,13.7800,13.7700,13.7600,13.8100,13.8200,13.8300,13.8400,13.8500,241,1033,1960,504,858,287,496,511,319,1026
SZ,000001,2019-06-21 09:38:36,13.8100,26,513616.0000,372,B,13.8000,13.7900,13.7800,13.7700,13.7600,13.8100,13.8200,13.8300,13.8400,13.8500,218,1041,1960,504,858,55,496,509,319,1026
SZ,000001,2019-06-21 09:38:39,13.8200,26,598032.0000,433,B,13.8100,13.8000,13.7900,13.7800,13.7700,13.8200,13.8300,13.8400,13.8500,13.8600,61,199,1267,1963,504,419,509,365,1031,597
SZ,000001,2019-06-21 09:38:42,13.8100,22,693520.0000,502,S,13.8000,13.7900,13.7800,13.7700,13.7600,13.8100,13.8200,13.8300,13.8400,13.8500,174,1263,1963,780,858,459,92,537,368,1011
SZ,000001,2019-06-21 09:38:45,13.8000,10,162912.0000,118,S,13.8000,13.7900,13.7800,13.7700,13.7600,13.8100,13.8200,13.8300,13.8400,13.8500,193,1253,1957,779,858,447,92,509,368,1006
SZ,000001,2019-06-21 09:38:48,13.8000,12,313456.0000,227,S,13.8000,13.7900,13.7800,13.7700,13.7600,13.8100,13.8200,13.8300,13.8400,13.8500,304,1253,1958,779,858,247,106,509,368,1006
SZ,000001,2019-06-21 09:38:51,13.8000,11,138080.0000,100,S,13.8000,13.7900,13.7800,13.7700,13.7600,13.8100,13.8200,13.8300,13.8400,13.8500,312,1253,1982,779,858,178,113,509,378,1006
SZ,000001,2019-06-21 09:38:54,13.8100,17,298336.0000,216,B,13.8100,13.8000,13.7900,13.7800,13.7700,13.8200,13.8300,13.8400,13.8500,13.8600,1296,555,1271,1982,779,105,509,378,1006,647
SZ,000001,2019-06-21 09:38:57,13.8300,20,353920.0000,256,B,13.8200,13.8100,13.8000,13.7900,13.7800,13.8300,13.8400,13.8500,13.8600,13.8700,41,1440,532,1271,244,382,378,1006,647,896
SZ,000001,2019-06-21 09:39:00,13.8300,15,594496.0000,430,B,13.8200,13.8100,13.8000,13.7900,13.7800,13.8300,13.8400,13.8500,13.8600,13.8700,7,1366,546,1271,244,150,406,1006,647,896
SZ,000001,2019-06-21 09:39:03,13.8100,27,384320.0000,278,S,13.8100,13.8000,13.7900,13.7800,13.7700,13.8300,13.8400,13.8500,13.8600,13.8700,1354,609,1301,254,749,32,426,1006,647,896
SZ,000001,2019-06-21 09:39:06,13.8300,13,294576.0000,213,B,13.8300,13.8200,13.8100,13.8000,13.7900,13.8400,13.8500,13.8600,13.8700,13.8800,229,158,1337,609,1338,426,1009,647,896,935
SZ,000001,2019-06-21 09:39:09,13.8300,6,121712.0000,88,S,13.8300,13.8200,13.8100,13.8000,13.7900,13.8400,13.8500,13.8600,13.8700,13.8800,158,366,1338,795,1338,425,1073,647,896,919
SZ,000001,2019-06-21 09:39:12,13.8200,18,463344.0000,335,S,13.8200,13.8100,13.8000,13.7900,13.7800,13.8400,13.8500,13.8600,13.8700,13.8800,329,1359,796,1354,244,1020,1074,647,896,919
SZ,000001,2019-06-21 09:39:15,13.8300,29,831568.0000,601,B,13.8200,13.8100,13.8000,13.7900,13.7800,13.8300,13.8400,13.8500,13.8600,13.8700,279,1329,796,1554,244,2,1138,1004,647,896
SZ,000001,2019-06-21 09:39:18,13.8200,6,473312.0000,342,S,13.8200,13.8100,13.8000,13.7900,13.7800,13.8300,13.8400,13.8500,13.8600,13.8700,38,1329,797,1554,247,163,839,1012,647,896
SZ,000001,2019-06-21 09:39:21,13.8300,6,51152.0000,37,B,13.8200,13.8100,13.8000,13.7900,13.7800,13.8300,13.8400,13.8500,13.8600,13.8700,20,1329,806,1554,247,160,849,992,175,896
SZ,000001,2019-06-21 09:39:24,13.8300,16,494944.0000,358,B,13.8100,13.8000,13.7900,13.7800,13.7700,13.8200,13.8300,13.8400,13.8500,13.8600,1331,798,1554,247,749,2,75,862,994,175
SZ,000001,2019-06-21 09:39:27,13.8200,6,40064.0000,29,B,13.8200,13.8100,13.8000,13.7900,13.7800,13.8300,13.8400,13.8500,13.8600,13.8700,3,1331,798,1554,258,92,827,1006,178,899
SZ,000001,2019-06-21 09:39:30,13.8100,10,46992.0000,34,S,13.8100,13.8000,13.7900,13.7800,13.7700,13.8200,13.8300,13.8400,13.8500,13.8600,1318,798,1554,258,849,23,172,858,1006,180
SZ,000001,2019-06-21 09:39:33,13.8200,9,875600.0000,634,B,13.8100,13.8000,13.7900,13.7800,13.7700,13.8200,13.8300,13.8400,13.8500,13.8600,748,818,1554,258,849,29,172,835,1006,180
SZ,000001,2019-06-21 09:39:36,13.8200,26,465984.0000,337,B,13.8200,13.8100,13.8000,13.7900,13.7800,13.8400,13.8500,13.8600,13.8700,13.8800,165,994,822,1554,254,835,1006,180,906,929
SZ,000001,2019-06-21 09:39:39,13.8200,6,30416.0000,22,S,13.8200,13.8100,13.8000,13.7900,13.7800,13.8400,13.8500,13.8600,13.8700,13.8800,522,1000,825,1560,254,867,1046,180,906,929
SZ,000001,2019-06-21 09:39:42,13.8300,15,702240.0000,508,B,13.8200,13.8100,13.8000,13.7900,13.7800,13.8300,13.8400,13.8500,13.8600,13.8700,394,998,830,1560,254,482,787,1046,180,906
SZ,000001,2019-06-21 09:39:45,13.8200,5,149264.0000,108,S,13.8200,13.8100,13.8000,13.7900,13.7800,13.8300,13.8400,13.8500,13.8600,13.8700,458,1008,830,1560,254,677,938,1006,180,906
SZ,000001,2019-06-21 09:39:48,13.8300,15,573904.0000,415,B,13.8200,13.8100,13.8000,13.7900,13.7800,13.8300,13.8400,13.8500,13.8600,13.8700,442,1008,820,1560,256,490,973,1022,180,906
SZ,000001,2019-06-21 09:39:51,13.8300,3,23504.0000,17,B,13.8200,13.8100,13.8000,13.7900,13.7800,13.8300,13.8400,13.8500,13.8600,13.8700,537,1001,810,1560,256,978,1023,1075,180,900
SZ,000001,2019-06-21 09:39:54,13.8200,12,353808.0000,256,S,13.8200,13.8100,13.8000,13.7900,13.7800,13.8300,13.8400,13.8500,13.8600,13.8700,1359,1001,803,1560,256,1022,1023,1067,230,874
SZ,000001,2019-06-21 09:39:57,13.8200,20,716352.0000,518,S,13.8200,13.8100,13.8000,13.7900,13.7800,13.8300,13.8400,13.8500,13.8600,13.8700,1325,1001,803,1560,256,620,1012,1067,243,924
SZ,000001,2019-06-21 09:40:00,13.8200,17,316528.0000,229,S,13.8200,13.8100,13.8000,13.7900,13.7800,13.8300,13.8400,13.8500,13.8600,13.8700,1139,870,738,1453,256,863,1010,1093,243,924
SZ,000001,2019-06-21 09:40:03,13.8300,11,135472.0000,98,B,13.8200,13.8100,13.8000,13.7900,13.7800,13.8300,13.8400,13.8500,13.8600,13.8700,1093,870,748,1453,256,1329,1010,1096,238,924
SZ,000001,2019-06-21 09:40:06,13.8300,25,952816.0000,689,B,13.8200,13.8100,13.8000,13.7900,13.7800,13.8300,13.8400,13.8500,13.8600,13.8700,1015,870,799,1398,256,791,990,1102,238,924
SZ,000001,2019-06-21 09:40:09,13.8200,8,272320.0000,197,S,13.8200,13.8100,13.8000,13.7900,13.7800,13.8300,13.8400,13.8500,13.8600,13.8700,1004,876,829,1401,256,741,990,1134,238,924
SZ,000001,2019-06-21 09:40:12,13.8100,15,1463536.0000,1059,S,13.8100,13.8000,13.7900,13.7800,13.7700,13.8200,13.8300,13.8400,13.8500,13.8600,876,828,1402,256,849,2190,741,1030,1134,248
SZ,000001,2019-06-21 09:40:15,13.8200,8,314880.0000,228,B,13.8100,13.8000,13.7900,13.7800,13.7700,13.8200,13.8300,13.8400,13.8500,13.8600,659,828,1402,266,749,2443,711,1010,1159,248
SZ,000001,2019-06-21 09:40:18,13.8100,6,2339648.0000,1693,S,13.8100,13.8000,13.7900,13.7800,13.7700,13.8200,13.8300,13.8400,13.8500,13.8600,569,828,1402,266,749,823,723,1010,1196,248
SZ,000001,2019-06-21 09:40:21,13.8200,6,306688.0000,222,B,13.8100,13.8000,13.7900,13.7800,13.7700,13.8200,13.8300,13.8400,13.8500,13.8600,454,825,1402,266,749,760,760,1010,1196,268
SZ,000001,2019-06-21 09:40:24,13.8100,10,146432.0000,106,S,13.8100,13.8000,13.7900,13.7800,13.7700,13.8200,13.8300,13.8400,13.8500,13.8600,395,832,1402,266,749,738,761,1010,1196,268
SZ,000001,2019-06-21 09:40:27,13.8100,14,223744.0000,162,S,13.8100,13.8000,13.7900,13.7800,13.7700,13.8200,13.8300,13.8400,13.8500,13.8600,255,842,1402,255,749,989,761,1010,1196,268
SZ,000001,2019-06-21 09:40:30,13.8100,4,22096.0000,16,S,13.8100,13.8000,13.7900,13.7800,13.7700,13.8200,13.8300,13.8400,13.8500,13.8600,251,842,1402,255,749,1033,787,1010,1196,268
SZ,000001,2019-06-21 09:40:33,13.8200,11,165776.0000,120,B,13.8100,13.8000,13.7900,13.7800,13.7700,13.8200,13.8300,13.8400,13.8500,13.8600,193,842,1402,255,749,999,787,975,1220,270
SZ,000001,2019-06-21 09:40:36,13.8100,17,120144.0000,87,S,13.8000,13.7900,13.7800,13.7700,13.7600,13.8100,13.8200,13.8300,13.8400,13.8500,838,1405,255,749,963,95,1027,787,975,1220
SZ,000001,2019-06-21 09:40:39,13.8100,4,46960.0000,34,B,13.8000,13.7900,13.7800,13.7700,13.7600,13.8100,13.8200,13.8300,13.8400,13.8500,838,1405,257,749,963,136,985,766,979,1220
SZ,000001,2019-06-21 09:40:42,13.8000,17,407120.0000,295,S,13.8000,13.7900,13.7800,13.7700,13.7600,13.8100,13.8200,13.8300,13.8400,13.8500,564,1405,257,749,963,165,985,766,979,1219
SZ,000001,2019-06-21 09:40:45,13.8100,10,80096.0000,58,B,13.8000,13.7900,13.7800,13.7700,13.7600,13.8100,13.8200,13.8300,13.8400,13.8500,569,1405,257,749,963,204,973,807,989,1226
SZ,000001,2019-06-21 09:40:48,13.8100,23,820320.0000,594,B,13.8100,13.8000,13.7900,13.7800,13.7700,13.8200,13.8300,13.8400,13.8500,13.8600,42,583,1405,257,749,998,807,988,1245,270
SZ,000001,2019-06-21 09:40:51,13.8100,11,98064.0000,71,S,13.8000,13.7900,13.7800,13.7700,13.7600,13.8200,13.8300,13.8400,13.8500,13.8600,596,1405,257,749,963,981,826,988,1245,370
SZ,000001,2019-06-21 09:40:54,13.8200,12,254032.0000,184,B,13.8100,13.8000,13.7900,13.7800,13.7700,13.8200,13.8300,13.8400,13.8500,13.8600,70,942,1405,422,749,966,826,988,1235,370
SZ,000001,2019-06-21 09:40:57,13.8100,5,102192.0000,74,S,13.8100,13.8000,13.7900,13.7800,13.7700,13.8200,13.8300,13.8400,13.8500,13.8600,51,1247,1405,426,749,1065,852,988,1228,370
SZ,000001,2019-06-21 09:41:00,13.8100,12,216832.0000,157,S,13.8000,13.7900,13.7800,13.7700,13.7600,13.8100,13.8200,13.8300,13.8400,13.8500,1284,1403,426,749,985,101,1135,852,1008,1228
SZ,000001,2019-06-21 09:41:03,13.8100,16,446144.0000,323,B,13.8100,13.8000,13.7900,13.7800,13.7700,13.8200,13.8300,13.8400,13.8500,13.8600,128,1279,1403,261,749,1050,852,1023,1237,360
SZ,000001,2019-06-21 09:41:06,13.8100,16,877072.0000,635,S,13.8000,13.7900,13.7800,13.7700,13.7600,13.8100,13.8200,13.8300,13.8400,13.8500,1279,1403,261,749,985,227,1524,852,1054,1237
SZ,000001,2019-06-21 09:41:09,13.8100,3,35904.0000,26,B,13.8000,13.7900,13.7800,13.7700,13.7600,13.8100,13.8200,13.8300,13.8400,13.8500,1272,1403,261,749,985,328,1539,833,1054,1245
SZ,000001,2019-06-21 09:41:12,13.8100,11,262368.0000,190,B,13.8000,13.7900,13.7800,13.7700,13.7600,13.8100,13.8200,13.8300,13.8400,13.8500,1269,1403,261,749,985,385,1663,830,1154,1252
SZ,000001,2019-06-21 09:41:15,13.8000,14,244384.0000,177,S,13.8000,13.7900,13.7800,13.7700,13.7600,13.8100,13.8200,13.8300,13.8400,13.8500,1213,1403,262,749,985,289,1643,830,1134,1253
SZ,000001,2019-06-21 09:41:18,13.8000,11,111840.0000,81,S,13.8000,13.7900,13.7800,13.7700,13.7600,13.8100,13.8200,13.8300,13.8400,13.8500,1209,1403,262,749,985,325,1648,330,1134,1217
SZ,000001,2019-06-21 09:41:21,13.8100,24,523168.0000,379,B,13.8000,13.7900,13.7800,13.7700,13.7600,13.8100,13.8200,13.8300,13.8400,13.8500,1713,1403,264,749,985,458,1618,322,1144,1209
SZ,000001,2019-06-21 09:41:24,13.8100,59,2057184.0000,1489,B,13.8100,13.8000,13.7900,13.7800,13.7700,13.8200,13.8300,13.8400,13.8500,13.8600,422,1726,1403,254,749,869,326,1144,1211,360
SZ,000001,2019-06-21 09:41:27,13.8100,12,219712.0000,159,S,13.8100,13.8000,13.7900,13.7800,13.7700,13.8200,13.8300,13.8400,13.8500,13.8600,1066,1882,1403,264,749,769,330,1144,1212,360
SZ,000001,2019-06-21 09:41:30,13.8300,32,1782544.0000,1290,B,13.8200,13.8100,13.8000,13.7900,13.7800,13.8300,13.8400,13.8500,13.8600,13.8700,340,1160,1878,1403,264,378,1144,1227,360,1001
SZ,000001,2019-06-21 09:41:33,13.8200,13,360880.0000,261,S,13.8200,13.8100,13.8000,13.7900,13.7800,13.8300,13.8400,13.8500,13.8600,13.8700,266,1184,1878,1403,264,227,1144,1227,360,1001
SZ,000001,2019-06-21 09:41:36,13.8300,24,419072.0000,303,B,13.8300,13.8200,13.8100,13.8000,13.7900,13.8400,13.8500,13.8600,13.8700,13.8800,155,612,1136,1833,1403,1106,1216,360,1001,1025
SZ,000001,2019-06-21 09:41:39,13.8300,7,178480.0000,129,S,13.8300,13.8200,13.8100,13.8000,13.7900,13.8400,13.8500,13.8600,13.8700,13.8800,208,661,1136,1843,1403,1049,1178,362,1001,1025
SZ,000001,2019-06-21 09:41:42,13.8300,12,124560.0000,90,S,13.8300,13.8200,13.8100,13.8000,13.7900,13.8400,13.8500,13.8600,13.8700,13.8800,447,660,604,1843,1403,974,1195,362,1001,1025
SZ,000001,2019-06-21 09:41:45,13.8400,6,107920.0000,78,B,13.8300,13.8200,13.8100,13.8000,13.7900,13.8400,13.8500,13.8600,13.8700,13.8800,430,360,604,1833,1403,1416,1185,362,1001,1025
SZ,000001,2019-06-21 09:41:48,13.8400,11,171536.0000,124,B,13.8300,13.8200,13.8100,13.8000,13.7900,13.8400,13.8500,13.8600,13.8700,13.8800,311,361,640,1783,1403,1470,1225,497,1048,1025
SZ,000001,2019-06-21 09:41:51,13.8400,8,134192.0000,97,B,13.8300,13.8200,13.8100,13.8000,13.7900,13.8400,13.8500,13.8600,13.8700,13.8800,282,311,640,1783,1403,1444,1217,497,1048,1025
SZ,000001,2019-06-21 09:41:54,13.8300,7,142496.0000,103,S,13.8300,13.8200,13.8100,13.8000,13.7900,13.8400,13.8500,13.8600,13.8700,13.8800,222,309,640,1402,1403,1461,1171,497,1048,1035
SZ,000001,2019-06-21 09:41:57,13.8300,3,70576.0000,51,S,13.8300,13.8200,13.8100,13.8000,13.7900,13.8400,13.8500,13.8600,13.8700,13.8800,710,302,640,1412,1403,1558,1172,497,1048,1085
SZ,000001,2019-06-21 09:42:00,13.8400,10,437232.0000,316,B,13.8300,13.8200,13.8100,13.8000,13.7900,13.8400,13.8500,13.8600,13.8700,13.8800,609,302,640,1412,1403,1567,1172,497,1048,1085
SZ,000001,2019-06-21 09:42:03,13.8400,21,193760.0000,140,B,13.8300,13.8200,13.8100,13.8000,13.7900,13.8400,13.8500,13.8600,13.8700,13.8800,634,310,640,1412,1403,1969,1172,497,1048,1085
SZ,000001,2019-06-21 09:42:06,13.8300,24,932160.0000,674,S,13.8200,13.8100,13.8000,13.7900,13.7800,13.8300,13.8400,13.8500,13.8600,13.8700,302,652,1413,1403,270,213,2010,996,497,1045
SZ,000001,2019-06-21 09:42:09,13.8300,8,92608.0000,67,B,13.8200,13.8100,13.8000,13.7900,13.7800,13.8300,13.8400,13.8500,13.8600,13.8700,243,1026,1495,1403,270,325,1964,974,497,1081
SZ,000001,2019-06-21 09:42:12,13.8200,5,171408.0000,124,S,13.8200,13.8100,13.8000,13.7900,13.7800,13.8300,13.8400,13.8500,13.8600,13.8700,171,1026,1495,1403,270,499,1966,975,497,1081
SZ,000001,2019-06-21 09:42:15,13.8300,3,106496.0000,77,B,13.8200,13.8100,13.8000,13.7900,13.7800,13.8300,13.8400,13.8500,13.8600,13.8700,171,1026,1495,1403,270,425,1961,975,520,1082
SZ,000001,2019-06-21 09:42:18,13.8300,5,53920.0000,39,B,13.8200,13.8100,13.8000,13.7900,13.7800,13.8300,13.8400,13.8500,13.8600,13.8700,134,1032,1503,1403,270,414,1961,975,520,1082
SZ,000001,2019-06-21 09:42:21,13.8300,23,421680.0000,305,B,13.8200,13.8100,13.8000,13.7900,13.7800,13.8300,13.8400,13.8500,13.8600,13.8700,341,1038,1265,1403,270,346,1959,975,520,1082
SZ,000001,2019-06-21 09:42:24,13.8300,15,581792.0000,421,B,13.8100,13.8000,13.7900,13.7800,13.7700,13.8200,13.8300,13.8400,13.8500,13.8600,988,1308,1403,270,459,29,377,1865,978,520
SZ,000001,2019-06-21 09:42:27,13.8200,8,99504.0000,72,B,13.8200,13.8100,13.8000,13.7900,13.7800,13.8300,13.8400,13.8500,13.8600,13.8700,232,987,1308,1405,270,350,1849,978,520,1082
SZ,000001,2019-06-21 09:42:30,13.8200,14,895360.0000,648,S,13.8200,13.8100,13.8000,13.7900,13.7800,13.8300,13.8400,13.8500,13.8600,13.8700,228,693,1308,1405,270,359,1849,1008,520,1046
SZ,000001,2019-06-21 09:42:33,13.8300,11,95376.0000,69,B,13.8200,13.8100,13.8000,13.7900,13.7800,13.8300,13.8400,13.8500,13.8600,13.8700,204,693,1310,1410,270,364,1849,1008,520,1044
SZ,000001,2019-06-21 09:42:36,13.8200,25,620944.0000,449,S,13.8200,13.8100,13.8000,13.7900,13.7800,13.8300,13.8400,13.8500,13.8600,13.8700,373,693,1305,1410,270,361,1849,1008,520,1044
SZ,000001,2019-06-21 09:42:39,13.8200,11,398304.0000,288,S,13.8200,13.8100,13.8000,13.7900,13.7800,13.8300,13.8400,13.8500,13.8600,13.8700,644,693,1505,1393,270,116,1849,1028,520,382
SZ,000001,2019-06-21 09:42:42,13.8300,7,127168.0000,92,B,13.8200,13.8100,13.8000,13.7900,13.7800,13.8300,13.8400,13.8500,13.8600,13.8700,681,693,1517,1392,250,248,1831,1028,520,382
SZ,000001,2019-06-21 09:42:45,13.8200,13,168608.0000,122,S,13.8200,13.8100,13.8000,13.7900,13.7800,13.8300,13.8400,13.8500,13.8600,13.8700,568,700,1571,1392,250,325,1831,1025,540,382
SZ,000001,2019-06-21 09:42:48,13.8200,7,96768.0000,70,S,13.8200,13.8100,13.8000,13.7900,13.7800,13.8300,13.8400,13.8500,13.8600,13.8700,535,700,1596,1392,250,318,1675,1030,550,382
SZ,000001,2019-06-21 09:42:51,13.8200,10,184496.0000,133,S,13.8200,13.8100,13.8000,13.7900,13.7800,13.8300,13.8400,13.8500,13.8600,13.8700,524,700,1596,1392,250,243,1675,1028,593,382
SZ,000001,2019-06-21 09:42:54,13.8200,3,49776.0000,36,S,13.8200,13.8100,13.8000,13.7900,13.7800,13.8300,13.8400,13.8500,13.8600,13.8700,518,700,1598,1392,250,596,1559,1028,593,404
SZ,000001,2019-06-21 09:42:57,13.8300,7,66384.0000,48,B,13.8200,13.8100,13.8000,13.7900,13.7800,13.8300,13.8400,13.8500,13.8600,13.8700,535,700,1598,1392,250,567,1564,1028,593,404
SZ,000001,2019-06-21 09:43:00,13.8300,16,264080.0000,191,B,13.8200,13.8100,13.8000,13.7900,13.7800,13.8300,13.8400,13.8500,13.8600,13.8700,526,720,1594,1392,250,436,1564,1033,593,404
SZ,000001,2019-06-21 09:43:03,13.8300,14,163184.0000,118,B,13.8200,13.8100,13.8000,13.7900,13.7800,13.8300,13.8400,13.8500,13.8600,13.8700,510,720,1614,1392,300,363,1564,1025,593,404
SZ,000001,2019-06-21 09:43:06,13.8000,84,3948000.0000,2860,S,13.7900,13.7800,13.7700,13.7600,13.7500,13.8000,13.8200,13.8300,13.8400,13.8500,1392,300,459,985,481,652,298,376,1564,1025
SZ,000001,2019-06-21 09:43:09,13.7900,14,928736.0000,673,S,13.7900,13.7800,13.7700,13.7600,13.7500,13.8000,13.8200,13.8300,13.8400,13.8500,1384,300,459,985,477,123,340,394,1523,1010
SZ,000001,2019-06-21 09:43:12,13.7800,35,2047776.0000,1485,S,13.7800,13.7700,13.7600,13.7500,13.7400,13.7900,13.8000,13.8200,13.8300,13.8400,241,459,985,477,128,643,141,340,394,1523
SZ,000001,2019-06-21 09:43:15,13.7900,7,412272.0000,299,B,13.7800,13.7700,13.7600,13.7500,13.7400,13.7900,13.8000,13.8200,13.8300,13.8400,192,459,985,478,128,421,124,336,255,1543
SZ,000001,2019-06-21 09:43:18,13.7800,8,623280.0000,452,S,13.7800,13.7700,13.7600,13.7500,13.7400,13.7900,13.8000,13.8200,13.8300,13.8400,170,459,985,478,128,9,124,336,255,1543
SZ,000001,2019-06-21 09:43:21,13.7900,6,16544.0000,12,B,13.7800,13.7700,13.7600,13.7500,13.7400,13.7900,13.8000,13.8200,13.8300,13.8400,190,459,985,478,128,344,166,336,255,1038
SZ,000001,2019-06-21 09:43:24,13.7900,32,720800.0000,523,B,13.7700,13.7600,13.7500,13.7400,13.7300,13.7900,13.8000,13.8200,13.8300,13.8400,459,985,478,128,335,341,166,336,97,1038
SZ,000001,2019-06-21 09:43:27,13.8000,42,1702496.0000,1233,B,13.8000,13.7900,13.7800,13.7700,13.7600,13.8400,13.8500,13.8600,13.8700,13.8800,44,3,648,459,985,985,970,613,408,1099
SZ,000001,2019-06-21 09:43:30,13.8000,19,445536.0000,323,S,13.8000,13.7900,13.7800,13.7700,13.7600,13.8300,13.8400,13.8500,13.8600,13.8700,91,20,829,520,986,213,1083,970,613,408
SZ,000001,2019-06-21 09:43:33,13.7800,10,734688.0000,533,S,13.7900,13.7800,13.7700,13.7600,13.7500,13.8000,13.8200,13.8300,13.8400,13.8500,15,441,519,989,478,26,50,308,896,980
SZ,000001,2019-06-21 09:43:36,13.8000,5,16544.0000,12,B,13.7900,13.7800,13.7700,13.7600,13.7500,13.8000,13.8200,13.8300,13.8400,13.8500,18,442,544,989,477,254,50,308,865,980
SZ,000001,2019-06-21 09:43:39,13.7900,9,74432.0000,54,S,13.7800,13.7700,13.7600,13.7500,13.7400,13.7900,13.8000,13.8200,13.8300,13.8400,436,544,989,479,128,1,262,50,345,865
SZ,000001,2019-06-21 09:43:42,13.7900,10,89648.0000,65,B,13.7800,13.7700,13.7600,13.7500,13.7400,13.7900,13.8000,13.8200,13.8300,13.8400,454,549,1019,475,128,9,265,64,278,863
SZ,000001,2019-06-21 09:43:45,13.7900,14,538800.0000,391,B,13.7800,13.7700,13.7600,13.7500,13.7400,13.7900,13.8000,13.8200,13.8300,13.8400,72,552,1005,475,128,133,310,64,278,883
SZ,000001,2019-06-21 09:43:48,13.7900,4,93760.0000,68,B,13.7800,13.7700,13.7600,13.7500,13.7400,13.7900,13.8000,13.8100,13.8200,13.8300,285,552,1035,475,128,97,330,1178,94,278
SZ,000001,2019-06-21 09:43:51,13.7700,34,1196096.0000,868,S,13.7700,13.7600,13.7500,13.7400,13.7300,13.7800,13.7900,13.8000,13.8100,13.8200,263,1035,480,128,335,681,40,335,1178,96
SZ,000001,2019-06-21 09:43:54,13.7700,26,455840.0000,331,S,13.7600,13.7500,13.7400,13.7300,13.7200,13.7700,13.7800,13.7900,13.8000,13.8100,1035,480,128,339,600,524,667,15,335,1178
SZ,000001,2019-06-21 09:43:57,13.7600,7,165184.0000,120,S,13.7600,13.7500,13.7400,13.7300,13.7200,13.7700,13.7800,13.7900,13.8000,13.8200,988,481,128,349,600,478,742,15,361,96
SZ,000001,2019-06-21 09:44:00,13.7700,8,85360.0000,62,B,13.7600,13.7500,13.7400,13.7300,13.7200,13.7700,13.7800,13.7900,13.8000,13.8200,982,481,128,149,600,494,763,15,366,94
SZ,000001,2019-06-21 09:44:03,13.7700,10,668896.0000,486,B,13.7600,13.7500,13.7400,13.7300,13.7200,13.7700,13.7800,13.7900,13.8000,13.8200,621,481,128,149,600,383,763,49,366,94
SZ,000001,2019-06-21 09:44:06,13.7600,44,909536.0000,661,S,13.7500,13.7400,13.7300,13.7200,13.7100,13.7600,13.7700,13.7800,13.7900,13.8000,466,128,169,600,1000,1508,412,773,49,374
SZ,000001,2019-06-21 09:44:09,13.7500,62,1364240.0000,992,S,13.7400,13.7300,13.7200,13.7100,13.7000,13.7500,13.7600,13.7700,13.7800,13.7900,48,169,622,1014,3923,29,1381,173,429,49
SZ,000001,2019-06-21 09:44:12,13.7400,13,127840.0000,93,S,13.7400,13.7300,13.7200,13.7100,13.7000,13.7500,13.7600,13.7700,13.7800,13.7900,8,169,622,916,3934,423,1538,180,129,49
SZ,000001,2019-06-21 09:44:15,13.7500,10,199328.0000,145,B,13.7400,13.7300,13.7200,13.7100,13.7000,13.7500,13.7600,13.7700,13.7800,13.7900,9,158,651,916,3959,443,1543,204,129,49
SZ,000001,2019-06-21 09:44:18,13.7300,22,669552.0000,487,S,13.7300,13.7200,13.7100,13.7000,13.6900,13.7400,13.7500,13.7600,13.7700,13.7800,127,651,916,3959,225,87,602,1661,201,134
SZ,000001,2019-06-21 09:44:21,13.7400,55,3281520.0000,2386,B,13.7300,13.7200,13.7100,13.7000,13.6900,13.7400,13.7600,13.7700,13.7800,13.7900,187,602,916,3895,225,483,292,203,134,49
SZ,000001,2019-06-21 09:44:24,13.7300,9,685632.0000,499,S,13.7300,13.7200,13.7100,13.7000,13.6900,13.7600,13.7700,13.7800,13.7900,13.8000,211,602,916,3906,225,292,185,70,49,312
SZ,000001,2019-06-21 09:44:27,13.7300,5,160672.0000,117,S,13.7300,13.7200,13.7100,13.7000,13.6900,13.7400,13.7600,13.7700,13.7800,13.7900,135,552,911,3908,225,51,315,185,60,49
SZ,000001,2019-06-21 09:44:30,13.7300,25,368032.0000,268,S,13.7300,13.7200,13.7100,13.7000,13.6900,13.7600,13.7700,13.7800,13.7900,13.8000,5,556,1016,3839,225,95,155,60,49,312
SZ,000001,2019-06-21 09:44:33,13.7300,40,550272.0000,401,S,13.7300,13.7200,13.7100,13.7000,13.6900,13.7600,13.7700,13.7800,13.7900,13.8000,536,247,1018,3852,225,93,208,60,49,312
SZ,000001,2019-06-21 09:44:36,13.7300,13,133216.0000,97,S,13.7300,13.7200,13.7100,13.7000,13.6900,13.7500,13.7600,13.7700,13.7800,13.7900,551,255,957,3918,225,25,101,253,60,49
SZ,000001,2019-06-21 09:44:39,13.7300,8,221056.0000,161,S,13.7300,13.7200,13.7100,13.7000,13.6900,13.7500,13.7600,13.7700,13.7800,13.7900,404,260,987,3990,225,25,316,252,60,49
SZ,000001,2019-06-21 09:44:42,13.7500,12,491680.0000,358,B,13.7500,13.7400,13.7300,13.7200,13.7100,13.7600,13.7700,13.7800,13.7900,13.8000,40,115,139,280,992,320,255,60,99,313
SZ,000001,2019-06-21 09:44:45,13.7300,32,479536.0000,349,S,13.7200,13.7100,13.7000,13.6900,13.6800,13.7300,13.7500,13.7600,13.7700,13.7800,290,992,4037,225,1140,592,48,316,231,60
SZ,000001,2019-06-21 09:44:48,13.7300,11,97488.0000,71,B,13.7200,13.7100,13.7000,13.6900,13.6800,13.7300,13.7500,13.7600,13.7700,13.7800,290,998,4034,225,1140,601,125,316,184,60
SZ,000001,2019-06-21 09:44:51,13.7300,12,405024.0000,295,B,13.7200,13.7100,13.7000,13.6900,13.6800,13.7300,13.7500,13.7600,13.7700,13.7800,389,1027,4054,225,1140,327,140,316,184,60
SZ,000001,2019-06-21 09:44:54,13.7200,26,509296.0000,371,S,13.7200,13.7100,13.7000,13.6900,13.6800,13.7300,13.7500,13.7600,13.7700,13.7800,330,1047,4122,225,1140,54,148,316,184,60
SZ,000001,2019-06-21 09:44:57,13.7200,49,738272.0000,538,S,13.7200,13.7100,13.7000,13.6900,13.6800,13.7500,13.7600,13.7700,13.7800,13.7900,12,1073,4188,225,1140,281,316,189,60,99
SZ,000001,2019-06-21 09:45:00,13.7500,12,78288.0000,57,B,13.7200,13.7100,13.7000,13.6900,13.6800,13.7500,13.7600,13.7700,13.7800,13.7900,41,1088,4202,225,1140,327,346,339,62,99
SZ,000001,2019-06-21 09:45:03,13.7200,14,167584.0000,122,S,13.7200,13.7100,13.7000,13.6900,13.6800,13.7500,13.7600,13.7700,13.7800,13.7900,96,2098,4176,235,1150,338,346,339,62,99
SZ,000001,2019-06-21 09:45:06,13.7200,17,153760.0000,112,S,13.7200,13.7100,13.7000,13.6900,13.6800,13.7500,13.7600,13.7700,13.7800,13.7900,247,2118,4192,235,1160,429,356,339,61,99
SZ,000001,2019-06-21 09:45:09,13.7200,12,123488.0000,90,S,13.7200,13.7100,13.7000,13.6900,13.6800,13.7400,13.7500,13.7600,13.7700,13.7800,790,2148,4209,235,1155,10,453,356,339,61
SZ,000001,2019-06-21 09:45:12,13.7200,46,1473520.0000,1074,S,13.7100,13.7000,13.6900,13.6800,13.6700,13.7200,13.7300,13.7400,13.7500,13.7600,2136,4240,235,1156,424,28,100,115,438,356
SZ,000001,2019-06-21 09:45:15,13.7100,40,1285680.0000,937,S,13.7400,13.7100,13.7000,13.6900,13.6800,13.7500,13.7600,13.7700,13.7800,13.7900,9,1781,5304,235,1146,367,341,346,41,104
SZ,000001,2019-06-21 09:45:18,13.7100,14,200352.0000,146,S,13.7200,13.7100,13.7000,13.6900,13.6800,13.7400,13.7500,13.7600,13.7700,13.7800,100,1788,5366,240,1146,3,436,368,346,42
SZ,000001,2019-06-21 09:45:21,13.7200,24,805232.0000,587,S,13.7200,13.7100,13.7000,13.6900,13.6800,13.7500,13.7600,13.7700,13.7800,13.7900,37,1622,5378,240,1147,380,341,356,42,124
SZ,000001,2019-06-21 09:45:24,13.7200,20,221152.0000,161,S,13.7200,13.7100,13.7000,13.6900,13.6800,13.7400,13.7500,13.7600,13.7700,13.7800,98,1672,5686,240,1137,3,339,372,356,42
SZ,000001,2019-06-21 09:45:27,13.7400,9,135904.0000,99,B,13.7400,13.7300,13.7200,13.7100,13.7000,13.7500,13.7600,13.7700,13.7800,13.7900,5,1,79,1711,5718,432,372,356,42,121
SZ,000001,2019-06-21 09:45:30,13.7200,60,1260176.0000,919,S,13.7200,13.7100,13.7000,13.6900,13.6800,13.7400,13.7500,13.7600,13.7700,13.7800,28,1169,5707,240,1138,11,481,372,356,42
SZ,000001,2019-06-21 09:45:33,13.7200,14,144080.0000,105,S,13.7200,13.7100,13.7000,13.6900,13.6800,13.7400,13.7500,13.7600,13.7700,13.7800,6,1176,5746,250,1138,21,531,346,356,32
SZ,000001,2019-06-21 09:45:36,13.7200,26,428064.0000,312,S,13.7200,13.7100,13.7000,13.6900,13.6800,13.7400,13.7500,13.7600,13.7700,13.7800,76,1203,5824,269,1138,77,539,346,356,34
SZ,000001,2019-06-21 09:45:39,13.7400,12,96048.0000,70,B,13.7200,13.7100,13.7000,13.6900,13.6800,13.7400,13.7500,13.7600,13.7700,13.7800,49,1393,6066,269,1138,139,545,346,356,36
SZ,000001,2019-06-21 09:45:42,13.7100,23,175632.0000,128,S,13.7200,13.7100,13.7000,13.6900,13.6800,13.7400,13.7500,13.7600,13.7700,13.7800,4,1403,6090,259,1138,149,535,346,356,36
SZ,000001,2019-06-21 09:45:45,13.7200,6,159168.0000,116,S,13.7200,13.7100,13.7000,13.6900,13.6800,13.7400,13.7500,13.7600,13.7700,13.7800,84,1903,6108,269,1138,222,539,346,356,36
SZ,000001,2019-06-21 09:45:48,13.7400,35,703120.0000,512,B,13.7400,13.7200,13.7100,13.7000,13.6900,13.7500,13.7600,13.7700,13.7800,13.7900,928,109,1935,6130,269,539,346,356,36,128
SZ,000001,2019-06-21 09:45:51,13.7400,7,910960.0000,663,S,13.7400,13.7300,13.7200,13.7100,13.7000,13.7500,13.7600,13.7700,13.7800,13.7900,267,8,225,2049,6128,539,367,356,36,128
SZ,000001,2019-06-21 09:45:54,13.7400,3,370976.0000,270,S,13.7300,13.7200,13.7100,13.7000,13.6900,13.7400,13.7500,13.7600,13.7700,13.7800,8,1262,2256,6139,269,806,594,367,356,36
SZ,000001,2019-06-21 09:45:57,13.7400,5,15104.0000,11,B,13.7300,13.7200,13.7100,13.7000,13.6900,13.7400,13.7500,13.7600,13.7700,13.7800,505,1263,2431,6174,269,813,594,367,356,36
SZ,000001,2019-06-21 09:46:00,13.7300,11,237584.0000,173,S,13.7300,13.7200,13.7100,13.7000,13.6900,13.7400,13.7500,13.7600,13.7700,13.7800,400,1344,2450,6194,269,986,574,348,356,36
SZ,000001,2019-06-21 09:46:03,13.7300,5,52208.0000,38,S,13.7300,13.7200,13.7100,13.7000,13.6900,13.7400,13.7500,13.7600,13.7700,13.7800,402,1361,2472,5204,269,967,578,348,356,36
SZ,000001,2019-06-21 09:46:06,13.7300,38,1733744.0000,1262,S,13.7300,13.7200,13.7100,13.7000,13.6900,13.7400,13.7500,13.7600,13.7700,13.7800,173,1371,2472,5250,272,10,577,348,356,36
SZ,000001,2019-06-21 09:46:09,13.7300,34,1391520.0000,1014,S,13.7200,13.7100,13.7000,13.6900,13.6800,13.7300,13.7400,13.7500,13.7600,13.7700,662,2454,5350,272,1166,884,40,576,352,356
SZ,000001,2019-06-21 09:46:12,13.7300,6,517616.0000,377,B,13.7200,13.7100,13.7000,13.6900,13.6800,13.7300,13.7400,13.7500,13.7600,13.7700,663,2460,5349,272,1266,638,178,542,352,357
SZ,000001,2019-06-21 09:46:15,13.7300,2,19216.0000,14,B,13.7200,13.7100,13.7000,13.6900,13.6800,13.7300,13.7400,13.7500,13.7600,13.7700,760,2450,5270,272,1269,859,198,553,352,357
SZ,000001,2019-06-21 09:46:18,13.7200,11,179824.0000,131,S,13.7200,13.7100,13.7000,13.6900,13.6800,13.7300,13.7400,13.7500,13.7600,13.7700,742,2550,5265,272,1269,857,203,586,352,357
SZ,000001,2019-06-21 09:46:21,13.7300,9,461184.0000,336,B,13.7200,13.7100,13.7000,13.6900,13.6800,13.7300,13.7400,13.7500,13.7600,13.7700,606,2558,5276,272,1269,788,203,586,349,354
SZ,000001,2019-06-21 09:46:24,13.7200,10,333440.0000,243,S,13.7200,13.7100,13.7000,13.6900,13.6800,13.7300,13.7400,13.7500,13.7600,13.7700,409,2421,5324,275,1279,763,203,589,349,354
SZ,000001,2019-06-21 09:46:27,13.7200,6,64496.0000,47,S,13.7200,13.7100,13.7000,13.6900,13.6800,13.7300,13.7400,13.7500,13.7600,13.7700,794,2429,5309,276,1279,825,195,589,349,354
SZ,000001,2019-06-21 09:46:30,13.7200,4,54912.0000,40,S,13.7200,13.7100,13.7000,13.6900,13.6800,13.7300,13.7400,13.7500,13.7600,13.7700,896,2429,5336,276,1284,836,195,593,349,354
SZ,000001,2019-06-21 09:46:33,13.7200,11,329504.0000,240,S,13.7200,13.7100,13.7000,13.6900,13.6800,13.7300,13.7400,13.7500,13.7600,13.7700,900,2478,5337,276,1284,662,195,595,349,354
SZ,000001,2019-06-21 09:46:36,13.7200,27,371952.0000,271,S,13.7200,13.7100,13.7000,13.6900,13.6800,13.7300,13.7400,13.7500,13.7600,13.7700,1819,2490,5327,276,1284,618,195,625,349,354
SZ,000001,2019-06-21 09:46:39,13.7300,61,1361232.0000,992,B,13.7200,13.7100,13.7000,13.6900,13.6800,13.7300,13.7400,13.7500,13.7600,13.7700,1057,2475,5328,276,1284,424,195,626,349,354
SZ,000001,2019-06-21 09:46:42,13.7200,13,181952.0000,132,S,13.7200,13.7100,13.7000,13.6900,13.6800,13.7300,13.7400,13.7500,13.7600,13.7700,1061,2474,5322,276,1294,408,195,626,349,354
SZ,000001,2019-06-21 09:46:45,13.7200,18,1314384.0000,958,S,13.7200,13.7100,13.7000,13.6900,13.6800,13.7300,13.7400,13.7500,13.7600,13.7700,166,2464,5318,276,1294,405,196,626,349,336
SZ,000001,2019-06-21 09:46:48,13.7200,19,189376.0000,138,S,13.7200,13.7100,13.7000,13.6900,13.6800,13.7300,13.7400,13.7500,13.7600,13.7700,83,2490,5298,276,1302,399,196,653,349,336
SZ,000001,2019-06-21 09:46:51,13.7200,25,362752.0000,265,S,13.7100,13.7000,13.6900,13.6800,13.6700,13.7200,13.7300,13.7400,13.7500,13.7600,2460,5312,276,1302,641,210,481,196,634,349
SZ,000001,2019-06-21 09:46:54,13.7200,21,611328.0000,445,B,13.7200,13.7100,13.7000,13.6900,13.6800,13.7300,13.7400,13.7500,13.7600,13.7700,216,2425,5317,276,1307,481,196,634,353,336
SZ,000001,2019-06-21 09:46:57,13.7100,9,687088.0000,501,S,13.7100,13.7000,13.6900,13.6800,13.6700,13.7200,13.7300,13.7400,13.7500,13.7600,2141,5325,286,1407,641,20,480,214,634,331
SZ,000001,2019-06-21 09:47:00,13.7200,13,262032.0000,191,B,13.7200,13.7100,13.7000,13.6900,13.6800,13.7300,13.7400,13.7500,13.7600,13.7700,54,2120,5335,286,1407,470,176,614,331,336
SZ,000001,2019-06-21 09:47:03,13.7200,23,312688.0000,228,S,13.7100,13.7000,13.6900,13.6800,13.6700,13.7200,13.7300,13.7400,13.7500,13.7600,2223,5385,292,1407,641,10,515,199,614,331
SZ,000001,2019-06-21 09:47:06,13.7200,18,274288.0000,200,B,13.7100,13.7000,13.6900,13.6800,13.6700,13.7200,13.7300,13.7400,13.7500,13.7600,2104,5386,292,1414,641,70,515,176,614,331
SZ,000001,2019-06-21 09:47:09,13.7200,17,240016.0000,175,B,13.7100,13.7000,13.6900,13.6800,13.6700,13.7200,13.7300,13.7400,13.7500,13.7600,2033,5376,297,1414,641,2,519,176,614,331
SZ,000001,2019-06-21 09:47:12,13.7200,108,2872336.0000,2095,B,13.7100,13.7000,13.6900,13.6800,13.6700,13.7200,13.7300,13.7400,13.7500,13.7600,19,5376,297,1414,641,14,509,176,609,331
SZ,000001,2019-06-21 09:47:15,13.7100,19,54032.0000,40,S,13.7000,13.6900,13.6800,13.6700,13.6600,13.7100,13.7200,13.7300,13.7400,13.7500,5392,297,1417,641,2418,2,151,521,176,609
SZ,000001,2019-06-21 09:47:18,13.7200,19,592352.0000,432,B,13.7000,13.6900,13.6800,13.6700,13.6600,13.7100,13.7200,13.7300,13.7400,13.7500,5523,297,1427,661,2418,1,238,517,176,567
SZ,000001,2019-06-21 09:47:21,13.7200,17,87776.0000,64,B,13.7000,13.6900,13.6800,13.6700,13.6600,13.7100,13.7200,13.7300,13.7400,13.7500,5531,303,1428,759,2418,6,233,514,94,567
SZ,000001,2019-06-21 09:47:24,13.7000,8,79504.0000,58,S,13.7100,13.7000,13.6900,13.6800,13.6700,13.7200,13.7300,13.7400,13.7500,13.7600,32,5626,303,1428,764,234,514,89,567,327
SZ,000001,2019-06-21 09:47:27,13.7100,18,128912.0000,94,S,13.7100,13.7000,13.6900,13.6800,13.6700,13.7200,13.7300,13.7400,13.7500,13.7600,325,5728,303,1428,764,287,514,89,582,327
SZ,000001,2019-06-21 09:47:30,13.7100,15,270208.0000,197,S,13.7100,13.7000,13.6900,13.6800,13.6700,13.7200,13.7300,13.7400,13.7500,13.7600,268,5707,304,1429,764,182,514,89,584,327
SZ,000001,2019-06-21 09:47:33,13.7100,30,389392.0000,284,S,13.7100,13.7000,13.6900,13.6800,13.6700,13.7200,13.7300,13.7400,13.7500,13.7600,43,5777,304,1429,802,209,514,89,584,327
SZ,000001,2019-06-21 09:47:36,13.7100,18,101472.0000,74,S,13.7000,13.6900,13.6800,13.6700,13.6600,13.7100,13.7200,13.7300,13.7400,13.7500,5794,305,1429,802,2418,25,395,491,89,584
SZ,000001,2019-06-21 09:47:39,13.7000,37,787968.0000,575,S,13.7000,13.6900,13.6800,13.6700,13.6600,13.7100,13.7200,13.7300,13.7400,13.7500,5440,313,1429,804,2418,195,412,469,89,596
SZ,000001,2019-06-21 09:47:42,13.7000,110,3138768.0000,2291,S,13.7000,13.6900,13.6800,13.6700,13.6600,13.7100,13.7200,13.7300,13.7400,13.7500,3333,313,1429,804,2418,167,412,469,89,596
SZ,000001,2019-06-21 09:47:45,13.7100,27,389120.0000,284,B,13.7000,13.6900,13.6800,13.6700,13.6600,13.7100,13.7200,13.7300,13.7400,13.7500,3220,314,1429,804,2418,197,496,454,89,596
SZ,000001,2019-06-21 09:47:48,13.7000,41,561728.0000,410,S,13.7000,13.6900,13.6800,13.6700,13.6600,13.7100,13.7200,13.7300,13.7400,13.7500,2908,314,1329,804,2418,188,504,427,89,596
SZ,000001,2019-06-21 09:47:51,13.7000,28,984608.0000,718,S,13.7000,13.6900,13.6800,13.6700,13.6600,13.7100,13.7200,13.7300,13.7400,13.7500,2612,334,1329,1004,2418,67,512,432,89,596
SZ,000001,2019-06-21 09:47:54,13.7100,15,541152.0000,395,B,13.7000,13.6900,13.6800,13.6700,13.6600,13.7100,13.7200,13.7300,13.7400,13.7500,2247,334,1349,1004,2418,140,522,432,89,596
SZ,000001,2019-06-21 09:47:57,13.7000,41,1113840.0000,813,S,13.7000,13.6900,13.6800,13.6700,13.6600,13.7100,13.7200,13.7300,13.7400,13.7500,1476,344,1349,1004,2418,313,522,432,89,596
SZ,000001,2019-06-21 09:48:00,13.6900,104,2146144.0000,1567,S,13.6900,13.6800,13.6700,13.6600,13.6500,13.7000,13.7100,13.7200,13.7300,13.7400,328,1353,1007,2428,3428,629,314,527,432,89
SZ,000001,2019-06-21 09:48:03,13.6900,45,929872.0000,679,S,13.6900,13.6800,13.6700,13.6600,13.6500,13.7000,13.7100,13.7200,13.7300,13.7400,83,1353,1007,2428,3428,388,446,558,426,89
SZ,000001,2019-06-21 09:48:06,13.6900,6,171200.0000,125,S,13.6900,13.6800,13.6700,13.6600,13.6500,13.7000,13.7100,13.7200,13.7300,13.7400,139,1353,1010,2428,3423,671,446,558,430,89
SZ,000001,2019-06-21 09:48:09,13.6800,25,498256.0000,364,S,13.6800,13.6700,13.6600,13.6500,13.6400,13.6900,13.7000,13.7100,13.7200,13.7300,1287,1010,2428,3462,290,303,707,343,558,610
SZ,000001,2019-06-21 09:48:12,13.6800,12,101264.0000,74,S,13.6800,13.6700,13.6600,13.6500,13.6400,13.6900,13.7000,13.7100,13.7200,13.7300,1327,1010,2428,3462,290,402,808,343,580,610
SZ,000001,2019-06-21 09:48:15,13.6800,30,599552.0000,438,S,13.6800,13.6700,13.6600,13.6500,13.6400,13.6900,13.7000,13.7100,13.7200,13.7300,1304,1015,2428,3455,290,95,811,323,580,610
SZ,000001,2019-06-21 09:48:18,13.6800,30,751568.0000,549,S,13.6800,13.6700,13.6600,13.6500,13.6400,13.6900,13.7000,13.7100,13.7200,13.7300,897,1015,2428,3462,290,328,655,323,421,610
SZ,000001,2019-06-21 09:48:21,13.6800,26,482944.0000,353,S,13.6800,13.6700,13.6600,13.6500,13.6400,13.6900,13.7000,13.7100,13.7200,13.7300,647,1015,2567,3467,290,380,709,323,421,560
SZ,000001,2019-06-21 09:48:24,13.6900,51,1018112.0000,744,B,13.6800,13.6700,13.6600,13.6500,13.6400,13.6900,13.7000,13.7100,13.7200,13.7300,327,1039,2568,3478,300,96,707,323,421,378
SZ,000001,2019-06-21 09:48:27,13.6800,10,153248.0000,112,S,13.6800,13.6700,13.6600,13.6500,13.6400,13.6900,13.7000,13.7100,13.7200,13.7300,900,1039,2570,3478,300,103,691,318,421,378
SZ,000001,2019-06-21 09:48:30,13.6900,27,275072.0000,201,B,13.6800,13.6700,13.6600,13.6500,13.6400,13.6900,13.7000,13.7100,13.7200,13.7300,834,1159,2570,3447,300,77,710,321,441,378
SZ,000001,2019-06-21 09:48:33,13.6800,34,529904.0000,387,S,13.6800,13.6700,13.6600,13.6500,13.6400,13.7000,13.7100,13.7200,13.7300,13.7400,745,1054,2561,3455,308,772,314,441,378,42
SZ,000001,2019-06-21 09:48:36,13.6800,13,119072.0000,87,S,13.6800,13.6700,13.6600,13.6500,13.6400,13.6900,13.7000,13.7100,13.7200,13.7300,821,1054,2561,3428,335,5,772,314,441,378
SZ,000001,2019-06-21 09:48:39,13.6900,14,473344.0000,346,B,13.6800,13.6700,13.6600,13.6500,13.6400,13.6900,13.7000,13.7100,13.7200,13.7300,681,1056,2561,3428,335,118,782,314,441,374
SZ,000001,2019-06-21 09:48:42,13.6900,12,82112.0000,60,B,13.6800,13.6700,13.6600,13.6500,13.6400,13.6900,13.7000,13.7100,13.7200,13.7300,717,1056,2562,3428,335,183,791,324,631,374
SZ,000001,2019-06-21 09:48:45,13.6600,133,7518528.0000,5499,S,13.6900,13.6600,13.6500,13.6400,13.6300,13.7000,13.7100,13.7200,13.7300,13.7400,10,636,3420,335,754,535,324,628,375,42
SZ,000001,2019-06-21 09:48:48,13.6900,26,309200.0000,226,S,13.6600,13.6500,13.6400,13.6300,13.6200,13.6800,13.6900,13.7000,13.7100,13.7200,622,3442,337,754,365,5,251,561,269,572
SZ,000001,2019-06-21 09:48:51,13.6700,11,168224.0000,123,S,13.6700,13.6600,13.6500,13.6400,13.6300,13.6800,13.6900,13.7000,13.7100,13.7200,181,781,3442,541,754,39,249,564,269,587
SZ,000001,2019-06-21 09:48:54,13.6900,30,1181344.0000,863,B,13.6900,13.6800,13.6700,13.6600,13.6500,13.7000,13.7100,13.7200,13.7300,13.7400,463,50,199,782,3436,583,271,587,217,42
SZ,000001,2019-06-21 09:48:57,13.6900,13,320352.0000,234,S,13.6900,13.6800,13.6700,13.6600,13.6500,13.7000,13.7100,13.7200,13.7300,13.7400,375,53,291,729,3425,572,271,587,217,42
SZ,000001,2019-06-21 09:49:00,13.6900,17,328656.0000,240,S,13.6900,13.6800,13.6700,13.6600,13.6500,13.7000,13.7100,13.7200,13.7300,13.7400,235,73,2028,855,3406,527,271,587,217,42
SZ,000001,2019-06-21 09:49:03,13.6900,14,275184.0000,201,S,13.6900,13.6800,13.6700,13.6600,13.6500,13.7000,13.7100,13.7200,13.7300,13.7400,204,76,2106,1086,3426,642,269,587,217,42
SZ,000001,2019-06-21 09:49:06,13.6800,27,491312.0000,359,S,13.6800,13.6700,13.6600,13.6500,13.6400,13.6900,13.7000,13.7100,13.7200,13.7300,33,2079,1324,3451,562,178,1436,269,587,217
SZ,000001,2019-06-21 09:49:09,13.6900,21,1631104.0000,1193,B,13.6800,13.6700,13.6600,13.6500,13.6400,13.6900,13.7000,13.7100,13.7200,13.7300,5,1160,1254,3463,562,352,1441,269,585,217
SZ,000001,2019-06-21 09:49:12,13.6800,4,27360.0000,20,S,13.6800,13.6700,13.6600,13.6500,13.6400,13.6900,13.7000,13.7100,13.7200,13.7300,295,1159,1304,3573,567,388,1441,269,585,227
SZ,000001,2019-06-21 09:49:15,13.6800,12,222016.0000,162,S,13.6800,13.6700,13.6600,13.6500,13.6400,13.6900,13.7000,13.7100,13.7200,13.7300,158,1159,1559,3586,567,399,1492,289,585,227
SZ,000001,2019-06-21 09:49:18,13.6800,18,361360.0000,264,S,13.6800,13.6700,13.6600,13.6500,13.6400,13.6900,13.7000,13.7100,13.7200,13.7300,334,1159,1561,3589,572,205,1502,339,585,272
SZ,000001,2019-06-21 09:49:21,13.6800,18,350304.0000,256,S,13.6800,13.6700,13.6600,13.6500,13.6400,13.6900,13.7000,13.7100,13.7200,13.7300,389,1169,1658,3614,572,176,1497,339,635,281
SZ,000001,2019-06-21 09:49:24,13.6900,26,375120.0000,274,B,13.6900,13.6800,13.6700,13.6600,13.6500,13.7000,13.7100,13.7200,13.7300,13.7400,78,440,1169,1654,3604,1443,339,635,331,50
SZ,000001,2019-06-21 09:49:27,13.6900,8,53392.0000,39,S,13.6900,13.6800,13.6700,13.6600,13.6500,13.7000,13.7100,13.7200,13.7300,13.7400,83,575,1169,1672,3614,1447,339,635,331,50
SZ,000001,2019-06-21 09:49:30,13.6900,21,234096.0000,171,S,13.6800,13.6700,13.6600,13.6500,13.6400,13.6900,13.7000,13.7100,13.7200,13.7300,586,1189,1682,3640,568,29,1449,329,635,331
SZ,000001,2019-06-21 09:49:33,13.6800,23,251888.0000,184,S,13.6800,13.6700,13.6600,13.6500,13.6400,13.6900,13.7000,13.7100,13.7200,13.7300,667,1192,1683,3640,578,3,1372,329,635,331
SZ,000001,2019-06-21 09:49:36,13.6800,15,151920.0000,111,S,13.6800,13.6700,13.6600,13.6500,13.6400,13.6900,13.7000,13.7100,13.7200,13.7300,686,1192,1708,3640,578,42,1373,335,635,331
SZ,000001,2019-06-21 09:49:39,13.6900,13,198496.0000,145,B,13.6800,13.6700,13.6600,13.6500,13.6400,13.6900,13.7000,13.7100,13.7200,13.7300,797,1192,1720,3842,578,42,1399,335,635,331
SZ,000001,2019-06-21 09:49:42,13.6900,16,262672.0000,192,B,13.6800,13.6700,13.6600,13.6500,13.6400,13.6900,13.7000,13.7100,13.7200,13.7300,783,1182,1723,3861,578,14,1400,335,635,331
SZ,000001,2019-06-21 09:49:45,13.6900,12,121776.0000,89,B,13.6800,13.6700,13.6600,13.6500,13.6400,13.6900,13.7000,13.7100,13.7200,13.7300,774,1192,1786,3904,580,233,1423,360,635,331
SZ,000001,2019-06-21 09:49:48,13.6900,19,451648.0000,330,B,13.6800,13.6700,13.6600,13.6500,13.6400,13.6900,13.7000,13.7100,13.7200,13.7300,690,1192,1786,3704,580,45,1436,360,635,316
SZ,000001,2019-06-21 09:49:51,13.6900,17,258736.0000,189,B,13.6900,13.6800,13.6700,13.6600,13.6500,13.7000,13.7100,13.7200,13.7300,13.7400,338,733,1192,1786,3704,1440,350,475,305,106
SZ,000001,2019-06-21 09:49:54,13.6900,54,1330544.0000,972,S,13.6800,13.6700,13.6600,13.6500,13.6400,13.6900,13.7000,13.7100,13.7200,13.7300,509,1212,1793,3704,596,1,1324,350,475,305
SZ,000001,2019-06-21 09:49:57,13.6800,14,104080.0000,76,S,13.6800,13.6700,13.6600,13.6500,13.6400,13.6900,13.7000,13.7100,13.7200,13.7300,581,1213,1768,3704,606,22,1266,350,475,305
SZ,000001,2019-06-21 09:50:00,13.6800,34,794832.0000,581,S,13.6800,13.6700,13.6600,13.6500,13.6400,13.6900,13.7000,13.7100,13.7200,13.7300,170,1256,1788,3728,606,35,1266,350,470,305
SZ,000001,2019-06-21 09:50:03,13.6900,26,311936.0000,228,B,13.6800,13.6700,13.6600,13.6500,13.6400,13.6900,13.7000,13.7100,13.7200,13.7300,259,1256,1838,3744,606,343,1318,350,470,325
SZ,000001,2019-06-21 09:50:06,13.6800,20,863456.0000,631,S,13.6800,13.6700,13.6600,13.6500,13.6400,13.6900,13.7000,13.7100,13.7200,13.7300,287,1260,1842,3744,606,157,1335,330,470,325
SZ,000001,2019-06-21 09:50:09,13.6800,10,94416.0000,69,S,13.6800,13.6700,13.6600,13.6500,13.6400,13.6900,13.7000,13.7100,13.7200,13.7300,589,1270,1862,4646,606,176,1368,330,470,325
SZ,000001,2019-06-21 09:50:12,13.6800,26,1020528.0000,746,S,13.6700,13.6600,13.6500,13.6400,13.6300,13.6800,13.6900,13.7000,13.7100,13.7200,1270,1858,4646,611,749,300,181,1364,330,470
SZ,000001,2019-06-21 09:50:15,13.6800,12,188784.0000,138,B,13.6700,13.6600,13.6500,13.6400,13.6300,13.6800,13.6900,13.7000,13.7100,13.7200,1376,1865,4656,611,749,317,255,1374,310,481
SZ,000001,2019-06-21 09:50:18,13.6800,11,181936.0000,133,B,13.6700,13.6600,13.6500,13.6400,13.6300,13.6800,13.6900,13.7000,13.7100,13.7200,1419,1886,4656,615,749,244,299,1385,310,482
SZ,000001,2019-06-21 09:50:21,13.6800,10,39664.0000,29,B,13.6700,13.6600,13.6500,13.6400,13.6300,13.6800,13.6900,13.7000,13.7100,13.7200,1426,1902,4664,615,749,281,499,891,310,482
SZ,000001,2019-06-21 09:50:24,13.6800,12,80688.0000,59,B,13.6700,13.6600,13.6500,13.6400,13.6300,13.6800,13.6900,13.7000,13.7100,13.7200,1408,1919,4667,615,749,304,504,900,310,482
SZ,000001,2019-06-21 09:50:27,13.6700,43,751136.0000,549,S,13.6700,13.6600,13.6500,13.6400,13.6300,13.6800,13.6900,13.7000,13.7100,13.7200,1337,1919,4682,615,749,10,377,899,310,472
SZ,000001,2019-06-21 09:50:30,13.6800,17,277552.0000,203,B,13.6800,13.6700,13.6600,13.6500,13.6400,13.6900,13.7000,13.7100,13.7200,13.7300,264,1220,2084,4757,627,383,899,310,469,329
SZ,000001,2019-06-21 09:50:33,13.6800,11,588240.0000,430,S,13.6800,13.6700,13.6600,13.6500,13.6400,13.6900,13.7000,13.7100,13.7200,13.7300,166,1132,2084,4762,627,386,898,310,469,329
SZ,000001,2019-06-21 09:50:36,13.6800,29,725488.0000,530,S,13.6800,13.6700,13.6600,13.6500,13.6400,13.6900,13.7000,13.7100,13.7200,13.7300,104,1352,2094,4762,627,1,883,310,469,329
SZ,000001,2019-06-21 09:50:39,13.6800,16,183344.0000,134,S,13.6800,13.6700,13.6600,13.6500,13.6400,13.6900,13.7000,13.7100,13.7200,13.7300,101,1454,2103,4762,627,10,873,310,469,329
SZ,000001,2019-06-21 09:50:42,13.6900,69,3415088.0000,2498,B,13.6800,13.6700,13.6600,13.6500,13.6400,13.6900,13.7000,13.7100,13.7200,13.7300,200,3,1884,4762,627,43,862,310,469,329
SZ,000001,2019-06-21 09:50:45,13.6900,13,187456.0000,137,B,13.6800,13.6700,13.6600,13.6500,13.6400,13.6900,13.7000,13.7100,13.7200,13.7300,305,8,1884,4772,627,8,865,310,469,329
SZ,000001,2019-06-21 09:50:48,13.6800,12,73936.0000,54,S,13.6800,13.6700,13.6600,13.6500,13.6400,13.7000,13.7100,13.7200,13.7300,13.7400,622,24,1884,4892,627,839,310,469,329,126
SZ,000001,2019-06-21 09:50:51,13.7000,20,563024.0000,411,B,13.6900,13.6800,13.6700,13.6600,13.6500,13.7000,13.7100,13.7200,13.7300,13.7400,237,649,141,1864,5252,573,310,469,329,126
SZ,000001,2019-06-21 09:50:54,13.7000,64,2080144.0000,1518,B,13.7000,13.6900,13.6800,13.6700,13.6600,13.7200,13.7300,13.7400,13.7500,13.7600,275,250,708,258,1866,469,329,126,658,432
SZ,000001,2019-06-21 09:50:57,13.7200,14,642944.0000,469,B,13.7000,13.6900,13.6800,13.6700,13.6600,13.7200,13.7300,13.7400,13.7500,13.7600,29,251,735,658,1862,267,383,126,658,432
SZ,000001,2019-06-21 09:51:00,13.7100,30,406464.0000,297,S,13.7100,13.7000,13.6900,13.6800,13.6700,13.7300,13.7400,13.7500,13.7600,13.7700,167,144,267,677,1074,355,126,658,432,459
SZ,000001,2019-06-21 09:51:03,13.7100,22,303232.0000,221,S,13.7100,13.7000,13.6900,13.6800,13.6700,13.7300,13.7400,13.7500,13.7600,13.7700,77,149,266,753,1074,261,126,628,432,469
SZ,000001,2019-06-21 09:51:06,13.7200,15,164672.0000,120,B,13.7200,13.7100,13.7000,13.6900,13.6800,13.7300,13.7400,13.7500,13.7600,13.7700,225,59,666,273,757,192,126,628,432,469
SZ,000001,2019-06-21 09:51:09,13.7300,16,303264.0000,221,B,13.7200,13.7100,13.7000,13.6900,13.6800,13.7300,13.7400,13.7500,13.7600,13.7700,83,165,681,296,777,123,126,620,422,469
SZ,000001,2019-06-21 09:51:12,13.7200,17,234720.0000,171,S,13.7200,13.7100,13.7000,13.6900,13.6800,13.7300,13.7400,13.7500,13.7600,13.7700,111,144,702,317,786,115,126,620,422,469
SZ,000001,2019-06-21 09:51:15,13.7200,14,116640.0000,85,S,13.7200,13.7100,13.7000,13.6900,13.6800,13.7300,13.7400,13.7500,13.7600,13.7700,72,167,718,205,825,80,126,620,422,469
SZ,000001,2019-06-21 09:51:18,13.7300,8,94752.0000,69,B,13.7200,13.7100,13.7000,13.6900,13.6800,13.7300,13.7400,13.7500,13.7600,13.7700,238,167,919,219,825,19,128,731,422,469
SZ,000001,2019-06-21 09:51:21,13.7300,26,673728.0000,491,B,13.7300,13.7200,13.7100,13.7000,13.6900,13.7400,13.7500,13.7600,13.7700,13.7800,25,63,164,922,218,128,731,422,469,282
SZ,000001,2019-06-21 09:51:24,13.7300,23,402144.0000,293,S,13.7300,13.7200,13.7100,13.7000,13.6900,13.7400,13.7500,13.7600,13.7700,13.7800,1992,10,166,922,218,162,725,422,469,292
SZ,000001,2019-06-21 09:51:27,13.7300,8,215552.0000,157,S,13.7300,13.7200,13.7100,13.7000,13.6900,13.7400,13.7500,13.7600,13.7700,13.7800,1865,12,230,923,233,210,673,422,490,292
SZ,000001,2019-06-21 09:51:30,13.7300,49,1160096.0000,844,S,13.7300,13.7200,13.7100,13.7000,13.6900,13.7500,13.7600,13.7700,13.7800,13.7900,1919,17,230,935,233,708,422,490,292,237
SZ,000001,2019-06-21 09:51:33,13.7400,7,76928.0000,56,B,13.7400,13.7300,13.7200,13.7100,13.7000,13.7500,13.7600,13.7700,13.7800,13.7900,34,2081,17,227,941,708,401,490,287,237
SZ,000001,2019-06-21 09:51:36,13.7400,10,188160.0000,137,S,13.7400,13.7300,13.7200,13.7100,13.7000,13.7500,13.7600,13.7700,13.7800,13.7900,9,1925,17,236,937,703,401,490,302,237
SZ,000001,2019-06-21 09:51:39,13.7500,21,257088.0000,187,B,13.7300,13.7200,13.7100,13.7000,13.6900,13.7500,13.7600,13.7700,13.7800,13.7900,2021,17,246,937,255,579,452,490,302,257
SZ,000001,2019-06-21 09:51:42,13.7400,6,473696.0000,345,S,13.7400,13.7300,13.7200,13.7100,13.7000,13.7500,13.7600,13.7700,13.7800,13.7900,65,2072,25,251,937,569,452,490,302,255
SZ,000001,2019-06-21 09:51:45,13.7400,18,222624.0000,162,S,13.7300,13.7200,13.7100,13.7000,13.6900,13.7400,13.7500,13.7600,13.7700,13.7800,2108,25,251,931,285,60,548,452,510,287
SZ,000001,2019-06-21 09:51:48,13.7400,8,168960.0000,123,B,13.7300,13.7200,13.7100,13.7000,13.6900,13.7400,13.7500,13.7600,13.7700,13.7800,2111,37,251,935,285,42,1125,452,510,287
SZ,000001,2019-06-21 09:51:51,13.7400,15,1555072.0000,1131,B,13.7300,13.7200,13.7100,13.7000,13.6900,13.7400,13.7500,13.7600,13.7700,13.7800,2129,37,251,950,285,3,66,452,510,287
SZ,000001,2019-06-21 09:51:54,13.7400,17,258336.0000,188,B,13.7400,13.7300,13.7200,13.7100,13.7000,13.7500,13.7600,13.7700,13.7800,13.7900,66,2304,37,251,970,15,452,510,287,265
SZ,000001,2019-06-21 09:51:57,13.7400,8,173088.0000,126,S,13.7300,13.7200,13.7100,13.7000,13.6900,13.7400,13.7500,13.7600,13.7700,13.7800,2259,37,251,989,285,38,387,454,510,287
SZ,000001,2019-06-21 09:52:00,13.7500,7,63168.0000,46,B,13.7400,13.7300,13.7200,13.7100,13.7000,13.7500,13.7600,13.7700,13.7800,13.7900,39,2235,37,255,1039,395,454,510,287,265
SZ,000001,2019-06-21 09:52:03,13.7300,20,1009376.0000,735,S,13.7400,13.7300,13.7200,13.7100,13.7000,13.7500,13.7600,13.7700,13.7800,13.7900,3,1701,37,255,1044,444,454,510,337,265
SZ,000001,2019-06-21 09:52:06,13.7300,14,192352.0000,140,S,13.7300,13.7200,13.7100,13.7000,13.6900,13.7400,13.7500,13.7600,13.7700,13.7800,1601,32,255,1014,290,50,554,454,510,337
SZ,000001,2019-06-21 09:52:09,13.7400,15,670144.0000,488,B,13.7300,13.7200,13.7100,13.7000,13.6900,13.7400,13.7500,13.7600,13.7700,13.7800,1314,32,191,1014,290,24,583,403,510,337
SZ,000001,2019-06-21 09:52:12,13.7400,3,205952.0000,150,B,13.7300,13.7200,13.7100,13.7000,13.6900,13.7400,13.7500,13.7600,13.7700,13.7800,1255,32,222,1014,301,436,598,403,360,337
SZ,000001,2019-06-21 09:52:15,13.7300,27,560256.0000,408,S,13.7300,13.7200,13.7100,13.7000,13.6900,13.7400,13.7500,13.7600,13.7700,13.7800,921,32,222,1022,301,521,598,403,360,337
SZ,000001,2019-06-21 09:52:18,13.7300,33,1308480.0000,953,S,13.7200,13.7100,13.7000,13.6900,13.6800,13.7300,13.7400,13.7500,13.7600,13.7700,32,203,1022,301,868,262,597,638,403,346
SZ,000001,2019-06-21 09:52:21,13.7200,11,156384.0000,114,S,13.7100,13.7000,13.6900,13.6800,13.6700,13.7200,13.7300,13.7400,13.7500,13.7600,197,1052,301,893,391,151,771,537,533,414
SZ,000001,2019-06-21 09:52:24,13.7000,31,352352.0000,257,S,13.7000,13.6900,13.6800,13.6700,13.6600,13.7100,13.7200,13.7300,13.7400,13.7500,1016,320,895,391,1910,3,54,797,562,533
SZ,000001,2019-06-21 09:52:27,13.7100,2,24672.0000,18,B,13.7100,13.7000,13.6900,13.6800,13.6700,13.7200,13.7300,13.7400,13.7500,13.7600,39,1000,320,895,391,225,797,562,533,410
SZ,000001,2019-06-21 09:52:30,13.7200,8,61696.0000,45,B,13.7100,13.7000,13.6900,13.6800,13.6700,13.7200,13.7300,13.7400,13.7500,13.7600,117,1007,325,895,391,233,674,588,550,410
SZ,000001,2019-06-21 09:52:33,13.7200,15,116576.0000,85,B,13.7100,13.7000,13.6900,13.6800,13.6700,13.7200,13.7300,13.7400,13.7500,13.7600,717,1015,325,903,393,407,651,522,550,410
SZ,000001,2019-06-21 09:52:36,13.7100,8,530560.0000,387,S,13.7100,13.7000,13.6900,13.6800,13.6700,13.7200,13.7300,13.7400,13.7500,13.7600,354,1059,325,904,393,434,637,572,550,410
SZ,000001,2019-06-21 09:52:39,13.7100,9,507360.0000,370,S,13.7100,13.7000,13.6900,13.6800,13.6700,13.7200,13.7300,13.7400,13.7500,13.7600,60,1539,325,925,393,366,727,529,550,410
SZ,000001,2019-06-21 09:52:42,13.7100,17,106912.0000,78,S,13.7000,13.6900,13.6800,13.6700,13.6600,13.7100,13.7200,13.7300,13.7400,13.7500,1543,325,925,396,1912,28,390,427,529,550
SZ,000001,2019-06-21 09:52:45,13.7100,22,719776.0000,525,B,13.7100,13.7000,13.6900,13.6800,13.6700,13.7200,13.7300,13.7400,13.7500,13.7600,533,1603,335,934,401,535,445,529,540,410
SZ,000001,2019-06-21 09:52:48,13.7100,10,378432.0000,276,S,13.7100,13.7000,13.6900,13.6800,13.6700,13.7200,13.7300,13.7400,13.7500,13.7600,334,1704,345,942,401,496,429,529,540,410
SZ,000001,2019-06-21 09:52:51,13.7100,7,152192.0000,111,S,13.7100,13.7000,13.6900,13.6800,13.6700,13.7200,13.7300,13.7400,13.7500,13.7600,295,1739,345,942,401,494,419,709,540,410
SZ,000001,2019-06-21 09:52:54,13.7100,42,1558976.0000,1136,S,13.7200,13.7100,13.7000,13.6900,13.6800,13.7300,13.7400,13.7500,13.7600,13.7700,2,321,1781,345,959,89,719,538,410,346
SZ,000001,2019-06-21 09:52:57,13.7200,17,226272.0000,165,S,13.7200,13.7100,13.7000,13.6900,13.6800,13.7300,13.7400,13.7500,13.7600,13.7700,62,218,1787,345,969,302,771,538,410,346
SZ,000001,2019-06-21 09:53:00,13.7100,8,101536.0000,74,S,13.7100,13.7000,13.6900,13.6800,13.6700,13.7200,13.7300,13.7400,13.7500,13.7600,233,1792,345,972,401,57,258,771,538,410
SZ,000001,2019-06-21 09:53:03,13.7100,13,220768.0000,161,S,13.7100,13.7000,13.6900,13.6800,13.6700,13.7200,13.7300,13.7400,13.7500,13.7600,251,1768,353,972,401,49,181,766,522,410
SZ,000001,2019-06-21 09:53:06,13.7300,21,841568.0000,613,B,13.7300,13.7200,13.7100,13.7000,13.6900,13.7400,13.7500,13.7600,13.7700,13.7800,481,42,257,1768,353,760,522,410,356,307
SZ,000001,2019-06-21 09:53:09,13.7400,23,1351520.0000,984,B,13.7200,13.7100,13.7000,13.6900,13.6800,13.7400,13.7500,13.7600,13.7700,13.7800,173,304,1767,353,980,242,522,410,376,307
SZ,000001,2019-06-21 09:53:12,13.7400,12,370944.0000,270,B,13.7300,13.7200,13.7100,13.7000,13.6900,13.7400,13.7500,13.7600,13.7700,13.7800,4,177,100,1770,353,143,573,410,376,307
SZ,000001,2019-06-21 09:53:15,13.7400,12,373728.0000,272,B,13.7400,13.7300,13.7200,13.7100,13.7000,13.7500,13.7600,13.7700,13.7800,13.7900,55,236,68,239,1777,501,410,376,307,379
SZ,000001,2019-06-21 09:53:18,13.7400,11,481056.0000,350,S,13.7400,13.7300,13.7200,13.7100,13.7000,13.7500,13.7600,13.7700,13.7800,13.7900,450,198,97,229,1777,337,410,376,307,379
SZ,000001,2019-06-21 09:53:21,13.7500,31,1315136.0000,957,B,13.7400,13.7300,13.7200,13.7100,13.7000,13.7500,13.7600,13.7700,13.7800,13.7900,59,13,97,229,1787,97,430,376,307,379
SZ,000001,2019-06-21 09:53:24,13.7500,20,388768.0000,283,B,13.7300,13.7200,13.7100,13.7000,13.6900,13.7500,13.7600,13.7700,13.7800,13.7900,199,78,228,1786,353,110,434,376,307,379
SZ,000001,2019-06-21 09:53:27,13.7300,8,24736.0000,18,S,13.7300,13.7200,13.7100,13.7000,13.6900,13.7400,13.7500,13.7600,13.7700,13.7800,260,83,228,1786,353,1,104,985,376,307
SZ,000001,2019-06-21 09:53:30,13.7300,5,65888.0000,48,S,13.7300,13.7200,13.7100,13.7000,13.6900,13.7400,13.7500,13.7600,13.7700,13.7800,243,94,231,1786,353,1,106,985,376,307
SZ,000001,2019-06-21 09:53:33,13.7500,24,206496.0000,150,B,13.7500,13.7400,13.7300,13.7200,13.7100,13.7600,13.7700,13.7800,13.7900,13.8000,4,6,241,88,236,955,376,307,379,851
SZ,000001,2019-06-21 09:53:36,13.7300,10,97568.0000,71,S,13.7300,13.7200,13.7100,13.7000,13.6900,13.7400,13.7500,13.7600,13.7700,13.7800,190,88,236,1811,353,176,270,974,376,307
SZ,000001,2019-06-21 09:53:39,13.7300,9,199104.0000,145,S,13.7200,13.7100,13.7000,13.6900,13.6800,13.7300,13.7400,13.7500,13.7600,13.7700,88,246,1778,353,1020,48,256,317,974,376
SZ,000001,2019-06-21 09:53:42,13.7300,3,57664.0000,42,B,13.7200,13.7100,13.7000,13.6900,13.6800,13.7300,13.7400,13.7500,13.7600,13.7700,89,246,2084,353,1071,6,156,317,958,376
SZ,000001,2019-06-21 09:53:45,13.7300,11,61760.0000,45,B,13.7200,13.7100,13.7000,13.6900,13.6800,13.7300,13.7400,13.7500,13.7600,13.7700,68,246,2091,353,1071,62,156,412,958,376
SZ,000001,2019-06-21 09:53:48,13.7300,30,429248.0000,313,B,13.7200,13.7100,13.7000,13.6900,13.6800,13.7300,13.7400,13.7500,13.7600,13.7700,6,249,2092,343,1071,70,156,422,958,377
SZ,000001,2019-06-21 09:53:51,13.7300,11,203200.0000,148,B,13.7300,13.7200,13.7100,13.7000,13.6900,13.7400,13.7500,13.7600,13.7700,13.7800,50,14,249,2105,343,146,193,958,377,312
SZ,000001,2019-06-21 09:53:54,13.7200,16,284160.0000,207,S,13.7100,13.7000,13.6900,13.6800,13.6700,13.7200,13.7400,13.7500,13.7600,13.7700,259,2105,343,1074,474,32,259,193,907,377
SZ,000001,2019-06-21 09:53:57,13.7200,2,13728.0000,10,B,13.7100,13.7000,13.6900,13.6800,13.6700,13.7200,13.7300,13.7400,13.7500,13.7600,263,2101,343,1074,485,54,50,259,233,907
SZ,000001,2019-06-21 09:54:00,13.7100,4,21952.0000,16,S,13.7100,13.7000,13.6900,13.6800,13.6700,13.7200,13.7300,13.7400,13.7500,13.7600,270,2116,343,1077,485,54,69,259,583,907
SZ,000001,2019-06-21 09:54:03,13.7200,10,72672.0000,53,B,13.7100,13.7000,13.6900,13.6800,13.6700,13.7200,13.7300,13.7400,13.7500,13.7600,265,2116,343,1077,585,54,69,259,583,910
SZ,000001,2019-06-21 09:54:06,13.7100,12,305888.0000,223,S,13.7100,13.7000,13.6900,13.6800,13.6700,13.7200,13.7300,13.7400,13.7500,13.7600,214,2163,393,1077,585,7,69,259,623,910
SZ,000001,2019-06-21 09:54:09,13.7100,7,75456.0000,55,S,13.7100,13.7000,13.6900,13.6800,13.6700,13.7200,13.7300,13.7400,13.7500,13.7600,292,2163,398,1097,585,72,43,259,628,910
SZ,000001,2019-06-21 09:54:12,13.7200,9,130368.0000,95,B,13.7200,13.7100,13.7000,13.6900,13.6800,13.7300,13.7400,13.7500,13.7600,13.7700,110,325,2158,398,1097,295,259,628,910,377
SZ,000001,2019-06-21 09:54:15,13.7200,10,204416.0000,149,S,13.7200,13.7100,13.7000,13.6900,13.6800,13.7300,13.7400,13.7500,13.7600,13.7700,75,383,2158,398,1097,324,385,633,930,377
SZ,000001,2019-06-21 09:54:18,13.7200,13,274304.0000,200,S,13.7100,13.7000,13.6900,13.6800,13.6700,13.7200,13.7300,13.7400,13.7500,13.7600,287,2158,398,1116,585,42,334,255,633,930
SZ,000001,2019-06-21 09:54:21,13.7200,16,164608.0000,120,B,13.7100,13.7000,13.6900,13.6800,13.6700,13.7200,13.7300,13.7400,13.7500,13.7600,242,2183,403,1116,580,83,403,255,662,930
SZ,000001,2019-06-21 09:54:24,13.7100,9,98688.0000,72,S,13.7100,13.7000,13.6900,13.6800,13.6700,13.7200,13.7300,13.7400,13.7500,13.7600,218,2233,403,1117,580,88,413,255,662,730
SZ,000001,2019-06-21 09:54:27,13.7200,13,203072.0000,148,B,13.7200,13.7100,13.7000,13.6900,13.6800,13.7300,13.7400,13.7500,13.7600,13.7700,75,202,2243,404,1122,393,255,662,730,377
SZ,000001,2019-06-21 09:54:30,13.7200,6,107008.0000,78,S,13.7100,13.7000,13.6900,13.6800,13.6700,13.7200,13.7300,13.7400,13.7500,13.7600,230,2283,404,1122,590,231,393,255,662,731
SZ,000001,2019-06-21 09:54:33,13.7100,50,1790816.0000,1307,S,13.7000,13.6900,13.6800,13.6700,13.6600,13.7100,13.7200,13.7300,13.7400,13.7500,1212,404,1122,590,1882,317,338,393,255,662
SZ,000001,2019-06-21 09:54:36,13.7100,5,128864.0000,94,B,13.7000,13.6900,13.6800,13.6700,13.6600,13.7100,13.7200,13.7300,13.7400,13.7500,1208,404,1120,592,1882,240,338,391,255,662
SZ,000001,2019-06-21 09:54:39,13.7100,4,19200.0000,14,B,13.7000,13.6900,13.6800,13.6700,13.6600,13.7100,13.7200,13.7300,13.7400,13.7500,1236,404,1102,592,1882,522,338,391,265,662
SZ,000001,2019-06-21 09:54:42,13.7000,17,546880.0000,399,S,13.7000,13.6900,13.6800,13.6700,13.6600,13.7100,13.7200,13.7300,13.7400,13.7500,1096,404,1122,792,1882,273,337,391,265,662
SZ,000001,2019-06-21 09:54:45,13.7000,12,653856.0000,477,S,13.7000,13.6900,13.6800,13.6700,13.6600,13.7200,13.7300,13.7400,13.7500,13.7600,967,404,1122,789,1902,306,391,265,662,731
SZ,000001,2019-06-21 09:54:48,13.7000,1,10944.0000,8,S,13.7000,13.6900,13.6800,13.6700,13.6600,13.7200,13.7300,13.7400,13.7500,13.7600,1069,404,1122,789,1902,358,391,265,640,731
SZ,000001,2019-06-21 09:54:51,13.7000,37,1115200.0000,814,S,13.7000,13.6900,13.6800,13.6700,13.6600,13.7100,13.7200,13.7300,13.7400,13.7500,266,406,1122,789,1902,310,357,391,265,653
SZ,000001,2019-06-21 09:54:54,13.7100,22,256256.0000,187,B,13.7000,13.6900,13.6800,13.6700,13.6600,13.7100,13.7200,13.7300,13.7400,13.7500,163,406,1125,789,1907,246,240,391,265,653
SZ,000001,2019-06-21 09:54:57,13.7100,9,305696.0000,223,B,13.7000,13.6900,13.6800,13.6700,13.6600,13.7100,13.7200,13.7300,13.7400,13.7500,142,406,1125,789,1912,211,240,391,265,653
SZ,000001,2019-06-21 09:55:00,13.7100,8,182240.0000,133,B,13.7000,13.6900,13.6800,13.6700,13.6600,13.7100,13.7200,13.7300,13.7400,13.7500,201,406,1127,789,1912,220,280,391,261,663
SZ,000001,2019-06-21 09:55:03,13.7000,15,323328.0000,236,S,13.6900,13.6800,13.6700,13.6600,13.6500,13.7000,13.7100,13.7200,13.7300,13.7400,406,1114,789,1912,5129,813,225,280,391,261
SZ,000001,2019-06-21 09:55:06,13.7000,5,38336.0000,28,B,13.6900,13.6800,13.6700,13.6600,13.6500,13.7000,13.7100,13.7200,13.7300,13.7400,432,1114,799,1937,5153,1001,234,280,391,261
SZ,000001,2019-06-21 09:55:09,13.7000,4,30144.0000,22,B,13.6900,13.6800,13.6700,13.6600,13.6500,13.7000,13.7100,13.7200,13.7300,13.7400,442,1114,801,1937,5153,1010,248,280,391,261
SZ,000001,2019-06-21 09:55:12,13.6900,7,124608.0000,91,S,13.6900,13.6800,13.6700,13.6600,13.6500,13.7000,13.7100,13.7200,13.7300,13.7400,367,1119,808,1937,5153,1136,257,281,391,261
SZ,000001,2019-06-21 09:55:15,13.6900,41,516096.0000,377,S,13.6900,13.6800,13.6700,13.6600,13.6500,13.7000,13.7100,13.7200,13.7300,13.7400,4,1119,814,1937,5163,1032,257,276,391,261
SZ,000001,2019-06-21 09:55:18,13.6900,6,57536.0000,42,S,13.6800,13.6700,13.6600,13.6500,13.6400,13.6900,13.7000,13.7100,13.7200,13.7300,1219,814,1937,5163,650,360,1031,209,180,342
SZ,000001,2019-06-21 09:55:21,13.7000,11,539392.0000,394,B,13.6900,13.6800,13.6700,13.6600,13.6500,13.7000,13.7100,13.7200,13.7300,13.7400,406,1220,824,1947,5163,1028,209,159,82,152
SZ,000001,2019-06-21 09:55:24,13.6900,9,365536.0000,267,S,13.6900,13.6800,13.6700,13.6600,13.6500,13.7000,13.7100,13.7200,13.7300,13.7400,119,1221,814,1947,5163,1142,209,159,82,152
SZ,000001,2019-06-21 09:55:27,13.7000,8,179392.0000,131,B,13.6900,13.6800,13.6700,13.6600,13.6500,13.7000,13.7100,13.7200,13.7300,13.7400,81,1320,842,1952,5163,1075,209,161,82,152
SZ,000001,2019-06-21 09:55:30,13.6900,20,430080.0000,314,S,13.6900,13.6800,13.6700,13.6600,13.6500,13.7000,13.7100,13.7200,13.7300,13.7400,43,1320,842,2006,5165,897,209,121,82,152
SZ,000001,2019-06-21 09:55:33,13.6900,8,121856.0000,89,S,13.6800,13.6700,13.6600,13.6500,13.6400,13.6900,13.7000,13.7100,13.7200,13.7300,1332,842,2006,5168,651,446,945,249,121,82
SZ,000001,2019-06-21 09:55:36,13.6800,126,4672352.0000,3412,S,13.6900,13.6800,13.6700,13.6600,13.6500,13.7000,13.7100,13.7200,13.7300,13.7400,366,83,842,2016,5168,36,432,121,85,152
SZ,000001,2019-06-21 09:55:39,13.6900,6,301152.0000,220,S,13.6900,13.6800,13.6700,13.6600,13.6500,13.7000,13.7100,13.7200,13.7300,13.7400,295,93,852,2050,5178,68,653,121,85,152
SZ,000001,2019-06-21 09:55:42,13.7000,15,262944.0000,192,B,13.7000,13.6900,13.6800,13.6700,13.6600,13.7100,13.7200,13.7300,13.7400,13.7500,42,184,90,862,2058,653,121,85,152,666
SZ,000001,2019-06-21 09:55:45,13.6900,11,384736.0000,281,S,13.6800,13.6700,13.6600,13.6500,13.6400,13.6900,13.7000,13.7100,13.7200,13.7300,90,862,2056,5175,651,215,110,653,121,85
SZ,000001,2019-06-21 09:55:48,13.7200,26,2396608.0000,1749,B,13.7100,13.6800,13.6700,13.6600,13.6500,13.7200,13.7300,13.7400,13.7500,13.7600,432,71,862,2063,5175,70,85,136,670,803
SZ,000001,2019-06-21 09:55:51,13.7100,6,216608.0000,158,S,13.7100,13.7000,13.6900,13.6800,13.6700,13.7200,13.7300,13.7400,13.7500,13.7600,281,5,3,78,862,70,85,136,670,803
SZ,000001,2019-06-21 09:55:54,13.7100,9,202656.0000,148,S,13.7100,13.7000,13.6900,13.6800,13.6700,13.7200,13.7300,13.7400,13.7500,13.7600,169,6,16,96,862,59,85,136,670,803
SZ,000001,2019-06-21 09:55:57,13.7100,8,232608.0000,169,S,13.7000,13.6900,13.6800,13.6700,13.6600,13.7100,13.7200,13.7300,13.7400,13.7500,6,16,360,862,2062,99,59,85,336,670
SZ,000001,2019-06-21 09:56:00,13.7100,25,692288.0000,506,B,13.7000,13.6700,13.6600,13.6500,13.6400,13.7100,13.7200,13.7300,13.7400,13.7500,3,859,2063,5175,645,184,59,85,357,670
SZ,000001,2019-06-21 09:56:03,13.7000,11,239808.0000,175,S,13.7000,13.6900,13.6700,13.6600,13.6500,13.7100,13.7200,13.7300,13.7400,13.7500,388,1,859,2063,5175,132,59,156,357,670
SZ,000001,2019-06-21 09:56:06,13.6900,13,630272.0000,460,S,13.6800,13.6700,13.6600,13.6500,13.6400,13.6900,13.7100,13.7200,13.7300,13.7400,30,972,2068,5175,645,140,100,62,159,357
SZ,000001,2019-06-21 09:56:09,13.6900,13,239424.0000,175,B,13.6800,13.6700,13.6600,13.6500,13.6400,13.6900,13.7000,13.7100,13.7200,13.7300,30,933,2068,5175,645,82,102,133,62,159
SZ,000001,2019-06-21 09:56:12,13.7100,17,1039424.0000,759,B,13.7100,13.7000,13.6900,13.6800,13.6700,13.7200,13.7300,13.7400,13.7500,13.7600,1255,1,1,86,963,57,159,357,974,804
SZ,000001,2019-06-21 09:56:15,13.7100,16,1739328.0000,1268,S,13.7000,13.6900,13.6800,13.6700,13.6600,13.7100,13.7200,13.7300,13.7400,13.7500,1,2,199,968,2186,1,196,203,357,986
SZ,000001,2019-06-21 09:56:18,13.6900,8,21920.0000,16,S,13.6900,13.6800,13.6700,13.6600,13.6500,13.7100,13.7200,13.7300,13.7400,13.7500,7,196,1061,2214,5175,22,336,203,352,986
SZ,000001,2019-06-21 09:56:21,13.7000,16,357984.0000,261,B,13.6900,13.6800,13.6700,13.6600,13.6500,13.7000,13.7100,13.7200,13.7300,13.7400,63,200,1061,2214,5175,373,10,163,207,352
SZ,000001,2019-06-21 09:56:24,13.6900,17,254592.0000,186,S,13.6800,13.6700,13.6600,13.6500,13.6400,13.6900,13.7000,13.7100,13.7200,13.7300,180,1066,2221,5175,645,106,417,10,163,207
SZ,000001,2019-06-21 09:56:27,13.6900,1,4128.0000,3,B,13.6800,13.6700,13.6600,13.6500,13.6400,13.6900,13.7000,13.7100,13.7200,13.7300,180,1066,2241,5179,645,149,457,20,163,207
SZ,000001,2019-06-21 09:56:30,13.6900,7,223136.0000,163,B,13.6900,13.6800,13.6700,13.6600,13.6500,13.7000,13.7100,13.7200,13.7300,13.7400,179,1200,1066,2236,5179,457,27,163,207,352
SZ,000001,2019-06-21 09:56:33,13.6900,10,284800.0000,208,S,13.6900,13.6800,13.6700,13.6600,13.6500,13.7000,13.7100,13.7200,13.7300,13.7400,46,1301,1061,2232,5169,753,18,163,207,352
SZ,000001,2019-06-21 09:56:36,13.6900,25,288928.0000,211,S,13.6900,13.6800,13.6700,13.6600,13.6500,13.7000,13.7100,13.7200,13.7300,13.7400,913,1300,1061,2232,5169,676,18,163,207,352
SZ,000001,2019-06-21 09:56:39,13.6900,7,257376.0000,188,S,13.6900,13.6800,13.6700,13.6600,13.6500,13.7000,13.7100,13.7200,13.7300,13.7400,841,1262,1061,2232,5174,690,28,163,207,352
SZ,000001,2019-06-21 09:56:42,13.6900,6,346368.0000,253,S,13.6900,13.6800,13.6700,13.6600,13.6500,13.7000,13.7100,13.7200,13.7300,13.7400,596,1262,1062,2232,5280,686,28,163,207,352
SZ,000001,2019-06-21 09:56:45,13.7000,8,135520.0000,99,B,13.6900,13.6800,13.6700,13.6600,13.6500,13.7000,13.7100,13.7200,13.7300,13.7400,511,1262,2072,2232,5280,685,28,163,207,352
SZ,000001,2019-06-21 09:56:48,13.6900,7,392928.0000,287,S,13.6900,13.6800,13.6700,13.6600,13.6500,13.7000,13.7100,13.7200,13.7300,13.7400,353,1272,2072,2237,5284,664,129,163,207,352
SZ,000001,2019-06-21 09:56:51,13.6900,25,662560.0000,484,S,13.6800,13.6700,13.6600,13.6500,13.6400,13.6900,13.7000,13.7100,13.7200,13.7300,1228,2082,2241,5314,660,193,680,129,163,207
SZ,000001,2019-06-21 09:56:54,13.6900,7,109440.0000,80,B,13.6800,13.6700,13.6600,13.6500,13.6400,13.6900,13.7000,13.7100,13.7200,13.7300,1200,2082,2241,5314,660,791,687,129,163,207
SZ,000001,2019-06-21 09:56:57,13.6900,5,46560.0000,34,B,13.6800,13.6700,13.6600,13.6500,13.6400,13.6900,13.7000,13.7100,13.7200,13.7300,1214,2082,2271,5314,660,789,692,129,163,207
SZ,000001,2019-06-21 09:57:00,13.6800,12,84832.0000,62,S,13.6800,13.6700,13.6600,13.6500,13.6400,13.6900,13.7000,13.7100,13.7200,13.7300,1178,2082,2271,5314,660,798,712,160,163,207
SZ,000001,2019-06-21 09:57:03,13.6900,16,1101344.0000,805,B,13.6800,13.6700,13.6600,13.6500,13.6400,13.6900,13.7000,13.7100,13.7200,13.7300,471,2086,2251,5314,660,697,764,153,163,207
SZ,000001,2019-06-21 09:57:06,13.6900,8,36960.0000,27,B,13.6800,13.6700,13.6600,13.6500,13.6400,13.6900,13.7000,13.7100,13.7200,13.7300,479,2087,2316,5314,660,674,786,171,263,217
SZ,000001,2019-06-21 09:57:09,13.6800,21,740096.0000,541,S,13.6700,13.6600,13.6500,13.6400,13.6300,13.6800,13.6900,13.7000,13.7100,13.7200,2087,2376,5314,660,992,227,693,786,171,141
SZ,000001,2019-06-21 09:57:12,13.6800,8,306432.0000,224,B,13.6700,13.6600,13.6500,13.6400,13.6300,13.6800,13.6900,13.7000,13.7100,13.7200,2242,2381,5324,699,992,41,670,831,171,141
SZ,000001,2019-06-21 09:57:15,13.6800,17,428160.0000,313,B,13.6800,13.6700,13.6600,13.6500,13.6400,13.6900,13.7000,13.7100,13.7200,13.7300,599,2222,2381,5324,698,660,742,171,141,216
SZ,000001,2019-06-21 09:57:18,13.6800,8,91648.0000,67,S,13.6800,13.6700,13.6600,13.6500,13.6400,13.6900,13.7000,13.7100,13.7200,13.7300,647,2198,2369,5324,664,728,742,171,141,206
SZ,000001,2019-06-21 09:57:21,13.6900,8,134112.0000,98,B,13.6800,13.6700,13.6600,13.6500,13.6400,13.6900,13.7000,13.7100,13.7200,13.7300,604,2082,2391,5324,664,703,742,171,141,206
SZ,000001,2019-06-21 09:57:24,13.6900,14,455584.0000,333,B,13.6800,13.6700,13.6600,13.6500,13.6400,13.6900,13.7000,13.7100,13.7200,13.7300,334,2087,2391,5324,664,652,742,171,141,206
SZ,000001,2019-06-21 09:57:27,13.6900,14,912992.0000,667,B,13.6800,13.6700,13.6600,13.6500,13.6400,13.6900,13.7000,13.7100,13.7200,13.7300,208,2082,2391,5325,664,130,742,171,142,206
SZ,000001,2019-06-21 09:57:30,13.6900,25,273632.0000,200,B,13.6800,13.6700,13.6600,13.6500,13.6400,13.6900,13.7000,13.7100,13.7200,13.7300,96,2102,2391,5325,664,415,742,171,142,206
SZ,000001,2019-06-21 09:57:33,13.6800,33,458368.0000,335,S,13.6700,13.6600,13.6500,13.6400,13.6300,13.6800,13.6900,13.7000,13.7100,13.7200,2110,2396,5325,674,1050,7,365,737,171,142
SZ,000001,2019-06-21 09:57:36,13.6900,10,87584.0000,64,B,13.6800,13.6700,13.6600,13.6500,13.6400,13.6900,13.7000,13.7100,13.7200,13.7300,47,2239,2396,5325,674,362,747,158,142,206
SZ,000001,2019-06-21 09:57:39,13.6800,18,220288.0000,161,S,13.6700,13.6600,13.6500,13.6400,13.6300,13.6800,13.6900,13.7000,13.7100,13.7200,2219,2396,5345,674,1050,64,324,757,158,142
SZ,000001,2019-06-21 09:57:42,13.6800,15,352928.0000,258,B,13.6700,13.6600,13.6500,13.6400,13.6300,13.6800,13.6900,13.7000,13.7100,13.7200,2222,2391,5335,674,1050,8,321,774,158,142
SZ,000001,2019-06-21 09:57:45,13.6800,10,112192.0000,82,B,13.6800,13.6700,13.6600,13.6500,13.6400,13.6900,13.7000,13.7100,13.7200,13.7300,56,2202,2391,5373,674,299,754,158,142,206
SZ,000001,2019-06-21 09:57:48,13.6900,2,21888.0000,16,B,13.6800,13.6700,13.6600,13.6500,13.6400,13.6900,13.7000,13.7100,13.7200,13.7300,52,2237,2396,5369,674,335,897,148,142,206
