市场代码,证券代码,时间,最新价,成交笔数,成交额,成交量,方向,买一价,买二价,买三价,买四价,买五价,卖一价,卖二价,卖三价,卖四价,卖五价,买一量,买二量,买三量,买四量,买五量,卖一量,卖二量,卖三量,卖四量,卖五量
SZ,000001,2019-06-14 09:25:03,12.5900,80,3157068.0000,2508,S,12.5900,12.5800,12.5700,12.5600,12.5500,12.6000,12.6100,12.6200,12.6300,12.6400,38,214,132,16,673,46,28,320,457,133
SZ,000001,2019-06-14 09:30:03,12.6100,51,572195.0000,454,B,12.5800,12.5700,12.5600,12.5500,12.5400,12.5900,12.6000,12.6100,12.6200,12.6300,48,1142,332,840,93,45,18,1623,370,457
SZ,000001,2019-06-14 09:30:06,12.5900,16,101976.0000,81,B,12.5900,12.5800,12.5700,12.5600,12.5500,12.6000,12.6100,12.6200,12.6300,12.6400,581,166,1142,406,1110,35,1626,387,457,160
SZ,000001,2019-06-14 09:30:09,12.5900,12,747846.0000,594,S,12.5800,12.5700,12.5600,12.5500,12.5400,12.5900,12.6000,12.6100,12.6200,12.6300,166,1142,421,1129,123,329,36,1626,387,457
SZ,000001,2019-06-14 09:30:12,12.5900,6,56615.0000,45,B,12.5800,12.5700,12.5600,12.5500,12.5400,12.5900,12.6000,12.6100,12.6200,12.6300,605,1142,422,1129,123,36,37,1626,387,457
SZ,000001,2019-06-14 09:30:15,12.5900,3,8807.0000,7,B,12.5800,12.5700,12.5600,12.5500,12.5400,12.5900,12.6000,12.6100,12.6200,12.6300,601,1142,422,1129,123,45,51,1626,387,457
SZ,000001,2019-06-14 09:30:18,12.5800,6,31473.0000,25,S,12.5800,12.5700,12.5600,12.5500,12.5400,12.5900,12.6000,12.6100,12.6200,12.6300,599,1142,422,1129,123,25,50,1621,387,457
SZ,000001,2019-06-14 09:30:21,12.5900,5,45299.0000,36,B,12.5800,12.5700,12.5600,12.5500,12.5400,12.5900,12.6000,12.6100,12.6200,12.6300,492,1142,422,1129,123,32,50,1621,387,457
SZ,000001,2019-06-14 09:30:24,12.5800,20,168710.0000,134,S,12.5900,12.5800,12.5700,12.5600,12.5500,12.6000,12.6100,12.6200,12.6300,12.6400,8,829,1142,422,1129,15,1619,387,466,160
SZ,000001,2019-06-14 09:30:27,12.5900,5,27698.0000,22,S,12.5900,12.5800,12.5700,12.5600,12.5500,12.6000,12.6100,12.6200,12.6300,12.6400,199,829,1142,442,1129,15,1619,387,466,160
SZ,000001,2019-06-14 09:30:30,12.5900,6,188850.0000,150,S,12.5900,12.5800,12.5700,12.5600,12.5500,12.6000,12.6100,12.6200,12.6300,12.6400,89,814,1142,442,1129,41,1609,387,466,160
SZ,000001,2019-06-14 09:30:33,12.6000,3,32735.0000,26,B,12.5900,12.5800,12.5700,12.5600,12.5500,12.6000,12.6100,12.6200,12.6300,12.6400,78,715,1142,442,1129,40,1609,387,466,160
SZ,000001,2019-06-14 09:30:39,12.5900,5,51659.0000,41,S,12.5900,12.5800,12.5700,12.5600,12.5500,12.6000,12.6100,12.6200,12.6300,12.6400,278,725,1142,442,1129,21,1609,387,466,160
SZ,000001,2019-06-14 09:30:42,12.6000,3,26460.0000,21,B,12.6000,12.5900,12.5800,12.5700,12.5600,12.6100,12.6200,12.6300,12.6400,12.6500,25,290,735,1142,442,1612,387,466,160,1552
SZ,000001,2019-06-14 09:30:45,12.6000,1,25200.0000,20,S,12.6000,12.5900,12.5800,12.5700,12.5600,12.6100,12.6200,12.6300,12.6400,12.6500,6,290,735,1142,448,1614,387,466,160,1552
SZ,000001,2019-06-14 09:30:48,12.6100,3,13871.0000,11,B,12.6000,12.5900,12.5800,12.5700,12.5600,12.6100,12.6200,12.6300,12.6400,12.6500,280,284,456,1142,448,1635,337,466,160,1552
SZ,000001,2019-06-14 09:30:51,12.6000,6,859981.0000,682,S,12.6000,12.5900,12.5800,12.5700,12.5600,12.6100,12.6200,12.6300,12.6400,12.6500,332,399,456,1142,308,974,337,466,160,1552
SZ,000001,2019-06-14 09:30:54,12.6000,6,60484.0000,48,S,12.6000,12.5900,12.5800,12.5700,12.5600,12.6100,12.6200,12.6300,12.6400,12.6500,308,387,466,1142,308,969,337,466,160,1552
SZ,000001,2019-06-14 09:30:57,12.6000,8,195325.0000,155,S,12.6000,12.5900,12.5800,12.5700,12.5600,12.6100,12.6200,12.6300,12.6400,12.6500,399,387,456,1142,308,954,337,466,160,1552
SZ,000001,2019-06-14 09:31:00,12.6000,5,94537.0000,75,S,12.6000,12.5900,12.5800,12.5700,12.5600,12.6100,12.6200,12.6300,12.6400,12.6500,371,387,456,1142,308,918,337,466,164,1552
SZ,000001,2019-06-14 09:31:03,12.6000,4,22689.0000,18,S,12.6000,12.5900,12.5800,12.5700,12.5600,12.6100,12.6200,12.6300,12.6400,12.6500,561,407,456,1142,308,909,337,466,164,1552
SZ,000001,2019-06-14 09:31:06,12.6000,23,507799.0000,403,S,12.6000,12.5900,12.5800,12.5700,12.5600,12.6100,12.6200,12.6300,12.6400,12.6500,177,407,606,1142,308,907,337,466,164,1232
SZ,000001,2019-06-14 09:31:09,12.6100,10,346563.0000,275,B,12.6000,12.5900,12.5800,12.5700,12.5600,12.6100,12.6200,12.6300,12.6400,12.6500,303,406,606,1142,308,843,337,466,164,1232
SZ,000001,2019-06-14 09:31:12,12.6100,16,1530483.0000,1214,B,12.6100,12.5900,12.5800,12.5700,12.5600,12.6200,12.6300,12.6400,12.6500,12.6600,105,406,606,1142,308,337,466,264,1232,66
SZ,000001,2019-06-14 09:31:15,12.6100,5,78191.0000,62,S,12.6100,12.5900,12.5800,12.5700,12.5600,12.6200,12.6300,12.6400,12.6500,12.6600,333,406,606,1142,308,329,466,264,1232,66
SZ,000001,2019-06-14 09:31:18,12.6200,4,44160.0000,35,B,12.6100,12.5900,12.5800,12.5700,12.5600,12.6200,12.6300,12.6400,12.6500,12.6600,333,406,606,1142,308,308,466,264,1232,66
SZ,000001,2019-06-14 09:31:21,12.6100,11,433784.0000,344,S,12.6000,12.5900,12.5800,12.5700,12.5600,12.6100,12.6200,12.6300,12.6400,12.6500,3,406,606,1142,308,338,327,466,264,1232
SZ,000001,2019-06-14 09:31:24,12.5900,22,79375.0000,63,S,12.5900,12.5800,12.5700,12.5600,12.5500,12.6000,12.6100,12.6200,12.6300,12.6400,399,606,1142,308,1139,291,347,326,466,264
SZ,000001,2019-06-14 09:31:27,12.6000,12,41564.0000,33,B,12.5900,12.5800,12.5700,12.5600,12.5500,12.6000,12.6100,12.6200,12.6300,12.6400,655,606,1142,308,1139,299,348,325,466,280
SZ,000001,2019-06-14 09:31:30,12.5900,18,519967.0000,413,S,12.5900,12.5800,12.5700,12.5600,12.5500,12.6000,12.6100,12.6200,12.6300,12.6400,242,616,1142,308,1139,1804,468,325,466,280
SZ,000001,2019-06-14 09:31:33,12.6000,12,69272.0000,55,B,12.5900,12.5800,12.5700,12.5600,12.5500,12.6000,12.6100,12.6200,12.6300,12.6400,219,616,1142,308,1139,2680,471,325,466,280
SZ,000001,2019-06-14 09:31:36,12.5900,22,392808.0000,312,S,12.5800,12.5700,12.5600,12.5500,12.5400,12.5900,12.6000,12.6100,12.6200,12.6300,608,1142,308,1139,123,17,2689,466,321,466
SZ,000001,2019-06-14 09:31:39,12.5900,11,191250.0000,152,B,12.5800,12.5700,12.5600,12.5500,12.5400,12.5900,12.6000,12.6100,12.6200,12.6300,490,1142,308,1106,123,666,2688,446,543,496
SZ,000001,2019-06-14 09:31:42,12.5900,13,250373.0000,199,B,12.5800,12.5700,12.5600,12.5500,12.5400,12.5900,12.6000,12.6100,12.6200,12.6300,573,1142,308,1116,123,661,3008,446,543,496
SZ,000001,2019-06-14 09:31:45,12.5800,6,172363.0000,137,S,12.5800,12.5700,12.5600,12.5500,12.5400,12.5900,12.6000,12.6100,12.6200,12.6300,453,1142,308,1116,123,647,2995,441,543,496
SZ,000001,2019-06-14 09:31:48,12.5800,3,8807.0000,7,S,12.5800,12.5700,12.5600,12.5500,12.5400,12.5900,12.6000,12.6100,12.6200,12.6300,606,1142,308,1116,123,647,2995,441,543,496
SZ,000001,2019-06-14 09:31:51,12.5800,6,154734.0000,123,S,12.5800,12.5700,12.5600,12.5500,12.5400,12.5900,12.6000,12.6100,12.6200,12.6300,483,1153,468,1147,123,647,2991,441,543,496
SZ,000001,2019-06-14 09:31:54,12.5900,3,334879.0000,266,B,12.5800,12.5700,12.5600,12.5500,12.5400,12.5900,12.6000,12.6100,12.6200,12.6300,502,1295,468,1147,123,395,2991,441,543,496
SZ,000001,2019-06-14 09:31:57,12.5800,19,200087.0000,159,S,12.5800,12.5700,12.5600,12.5500,12.5400,12.5900,12.6000,12.6100,12.6200,12.6300,411,1295,468,1147,173,344,2975,131,543,496
SZ,000001,2019-06-14 09:32:00,12.5800,3,8806.0000,7,S,12.5800,12.5700,12.5600,12.5500,12.5400,12.5900,12.6000,12.6100,12.6200,12.6300,404,1295,468,1147,173,350,2975,131,543,194
SZ,000001,2019-06-14 09:32:03,12.5900,15,592661.0000,471,B,12.5800,12.5700,12.5600,12.5500,12.5400,12.5900,12.6000,12.6100,12.6200,12.6300,198,1295,468,1147,173,217,2977,131,543,199
SZ,000001,2019-06-14 09:32:06,12.5900,13,226482.0000,180,B,12.5800,12.5700,12.5600,12.5500,12.5400,12.5900,12.6000,12.6100,12.6200,12.6300,60,1295,468,1147,173,175,2977,141,543,199
SZ,000001,2019-06-14 09:32:09,12.5800,6,117024.0000,93,S,12.5700,12.5600,12.5500,12.5400,12.5300,12.5900,12.6000,12.6100,12.6200,12.6300,1295,468,1147,183,418,145,2977,141,543,199
SZ,000001,2019-06-14 09:32:12,12.5900,1,12590.0000,10,B,12.5800,12.5700,12.5600,12.5500,12.5400,12.5900,12.6000,12.6100,12.6200,12.6300,43,1295,468,1147,183,161,2977,443,543,199
SZ,000001,2019-06-14 09:32:15,12.5800,3,33966.0000,27,S,12.5800,12.5700,12.5600,12.5500,12.5400,12.5900,12.6000,12.6100,12.6200,12.6300,81,1295,468,1182,183,161,2977,343,543,199
SZ,000001,2019-06-14 09:32:18,12.5800,12,132096.0000,105,S,12.5800,12.5700,12.5600,12.5500,12.5400,12.5900,12.6000,12.6100,12.6200,12.6300,130,1295,468,1089,183,155,2977,343,543,199
SZ,000001,2019-06-14 09:32:21,12.5800,6,59159.0000,47,S,12.5800,12.5700,12.5600,12.5500,12.5400,12.5900,12.6000,12.6100,12.6200,12.6300,327,1295,468,1089,183,122,2977,348,543,199
SZ,000001,2019-06-14 09:32:24,12.5800,9,86819.0000,69,S,12.5800,12.5700,12.5600,12.5500,12.5400,12.5900,12.6000,12.6100,12.6200,12.6300,306,1295,468,1089,183,95,2977,348,543,199
SZ,000001,2019-06-14 09:32:27,12.5900,11,96942.0000,77,B,12.5800,12.5700,12.5600,12.5500,12.5400,12.5900,12.6000,12.6100,12.6200,12.6300,427,1299,468,1109,183,21,2977,348,543,199
SZ,000001,2019-06-14 09:32:30,12.5800,14,158541.0000,126,S,12.5900,12.5800,12.5700,12.5600,12.5500,12.6000,12.6100,12.6200,12.6300,12.6400,20,486,1299,468,1109,2977,348,543,199,302
SZ,000001,2019-06-14 09:32:33,12.6000,3,124740.0000,99,B,12.5900,12.5800,12.5700,12.5600,12.5500,12.6000,12.6100,12.6200,12.6300,12.6400,30,484,1304,468,1109,2856,348,543,199,302
SZ,000001,2019-06-14 09:32:36,12.5800,17,382933.0000,304,S,12.5800,12.5700,12.5600,12.5500,12.5400,12.6000,12.6100,12.6200,12.6300,12.6400,580,1304,468,1109,183,2644,348,543,199,302
SZ,000001,2019-06-14 09:32:39,12.6000,2,75600.0000,60,B,12.5900,12.5800,12.5700,12.5600,12.5500,12.6000,12.6100,12.6200,12.6300,12.6400,71,675,1304,468,1109,2585,348,543,199,302
SZ,000001,2019-06-14 09:32:42,12.6000,4,246957.0000,196,B,12.5900,12.5800,12.5700,12.5600,12.5500,12.6000,12.6100,12.6200,12.6300,12.6400,101,682,1304,468,1309,2392,348,543,199,302
SZ,000001,2019-06-14 09:32:45,12.5900,15,474729.0000,377,S,12.5800,12.5700,12.5600,12.5500,12.5400,12.5900,12.6000,12.6100,12.6200,12.6300,751,1304,498,1309,158,752,2354,348,543,199
SZ,000001,2019-06-14 09:32:48,12.5800,20,964393.0000,766,S,12.5800,12.5700,12.5600,12.5500,12.5400,12.5900,12.6000,12.6100,12.6200,12.6300,1281,1304,498,1309,158,20,2323,348,543,199
SZ,000001,2019-06-14 09:32:51,12.6000,13,666520.0000,529,B,12.5900,12.5800,12.5700,12.5600,12.5500,12.6000,12.6100,12.6200,12.6300,12.6400,178,1465,1304,498,1329,1815,348,543,199,286
SZ,000001,2019-06-14 09:32:54,12.6000,31,1699625.0000,1349,B,12.5900,12.5800,12.5700,12.5600,12.5500,12.6000,12.6100,12.6200,12.6300,12.6400,71,1688,1162,518,1333,581,344,543,199,286
SZ,000001,2019-06-14 09:32:57,12.6100,24,1186768.0000,942,B,12.6100,12.5900,12.5800,12.5700,12.5600,12.6200,12.6300,12.6400,12.6500,12.6600,91,123,1696,1162,518,539,199,286,1247,75
SZ,000001,2019-06-14 09:33:00,12.6200,5,177944.0000,141,B,12.6100,12.5900,12.5800,12.5700,12.5600,12.6200,12.6300,12.6400,12.6500,12.6600,94,142,1737,1162,518,395,199,286,1289,75
SZ,000001,2019-06-14 09:33:03,12.6200,7,143868.0000,114,B,12.6100,12.6000,12.5900,12.5800,12.5700,12.6200,12.6300,12.6400,12.6500,12.6600,135,55,156,1742,1162,280,199,286,1289,75
SZ,000001,2019-06-14 09:33:06,12.6200,9,119886.0000,95,B,12.6100,12.6000,12.5900,12.5800,12.5700,12.6200,12.6300,12.6400,12.6500,12.6600,132,55,176,1792,1162,189,199,286,1289,75
SZ,000001,2019-06-14 09:33:09,12.6100,4,73190.0000,58,S,12.6100,12.6000,12.5900,12.5800,12.5700,12.6200,12.6300,12.6400,12.6500,12.6600,126,75,367,1783,1162,140,199,286,1289,75
SZ,000001,2019-06-14 09:33:12,12.6200,4,36596.0000,29,B,12.6100,12.6000,12.5900,12.5800,12.5700,12.6200,12.6300,12.6400,12.6500,12.6600,190,115,367,1767,1162,111,199,286,1289,75
SZ,000001,2019-06-14 09:33:15,12.6200,15,191824.0000,152,B,12.6200,12.6100,12.6000,12.5900,12.5800,12.6300,12.6400,12.6500,12.6600,12.6700,166,190,115,348,1786,199,286,1289,75,481
SZ,000001,2019-06-14 09:33:18,12.6100,16,563864.0000,447,S,12.6100,12.6000,12.5900,12.5800,12.5700,12.6200,12.6300,12.6400,12.6500,12.6600,547,115,357,1322,1162,694,200,286,1289,75
SZ,000001,2019-06-14 09:33:21,12.6100,5,164040.0000,130,S,12.6100,12.6000,12.5900,12.5800,12.5700,12.6200,12.6300,12.6400,12.6500,12.6600,562,118,357,1322,1162,585,230,286,1292,75
SZ,000001,2019-06-14 09:33:24,12.6200,15,933756.0000,740,B,12.6100,12.6000,12.5900,12.5800,12.5700,12.6200,12.6300,12.6400,12.6500,12.6600,10,90,358,1322,1162,629,230,286,1292,75
SZ,000001,2019-06-14 09:33:27,12.6200,7,52976.0000,42,B,12.6100,12.6000,12.5900,12.5800,12.5700,12.6200,12.6300,12.6400,12.6500,12.6600,439,290,367,1322,1162,712,229,286,1292,75
SZ,000001,2019-06-14 09:33:30,12.6100,7,595180.0000,472,S,12.6000,12.5900,12.5800,12.5700,12.5600,12.6100,12.6200,12.6300,12.6400,12.6500,273,472,1322,1162,560,556,643,229,286,1292
SZ,000001,2019-06-14 09:33:33,12.6100,11,147428.0000,117,B,12.6000,12.5900,12.5800,12.5700,12.5600,12.6100,12.6200,12.6300,12.6400,12.6500,169,508,1163,1162,560,579,673,229,290,1325
SZ,000001,2019-06-14 09:33:36,12.6000,13,351488.0000,279,S,12.5900,12.5800,12.5700,12.5600,12.5500,12.6000,12.6100,12.6200,12.6300,12.6400,457,1163,1162,560,1498,519,573,672,229,290
SZ,000001,2019-06-14 09:33:39,12.6000,9,136000.0000,108,B,12.5900,12.5800,12.5700,12.5600,12.5500,12.6000,12.6100,12.6200,12.6300,12.6400,378,1163,1162,573,1498,507,572,671,229,289
SZ,000001,2019-06-14 09:33:42,12.5900,9,139764.0000,111,S,12.5900,12.5800,12.5700,12.5600,12.5500,12.6000,12.6100,12.6200,12.6300,12.6400,280,1163,1162,573,1498,510,572,671,229,289
SZ,000001,2019-06-14 09:33:45,12.6000,2,20158.0000,16,B,12.5900,12.5800,12.5700,12.5600,12.5500,12.6000,12.6100,12.6200,12.6300,12.6400,469,1163,1162,573,1508,598,571,662,229,289
SZ,000001,2019-06-14 09:33:48,12.5900,7,57916.0000,46,S,12.5900,12.5800,12.5700,12.5600,12.5500,12.6000,12.6100,12.6200,12.6300,12.6400,469,1165,1162,573,1508,598,571,662,229,289
SZ,000001,2019-06-14 09:33:51,12.6000,26,678566.0000,539,B,12.5900,12.5800,12.5700,12.5600,12.5500,12.6000,12.6100,12.6200,12.6300,12.6400,192,1086,1162,573,1508,620,571,662,229,289
SZ,000001,2019-06-14 09:33:54,12.5900,5,101980.0000,81,S,12.5900,12.5800,12.5700,12.5600,12.5500,12.6000,12.6100,12.6200,12.6300,12.6400,356,1081,1162,573,1513,621,571,662,229,278
SZ,000001,2019-06-14 09:33:57,12.6000,3,15120.0000,12,B,12.5900,12.5800,12.5700,12.5600,12.5500,12.6000,12.6100,12.6200,12.6300,12.6400,382,1081,1162,573,1513,614,573,662,79,278
SZ,000001,2019-06-14 09:34:00,12.5900,2,5036.0000,4,S,12.5900,12.5800,12.5700,12.5600,12.5500,12.6000,12.6100,12.6200,12.6300,12.6400,437,1081,1169,568,1513,617,543,662,79,274
SZ,000001,2019-06-14 09:34:03,12.6000,5,12596.0000,10,B,12.5900,12.5800,12.5700,12.5600,12.5500,12.6000,12.6100,12.6200,12.6300,12.6400,1481,1075,1219,568,1523,626,543,672,79,283
SZ,000001,2019-06-14 09:34:06,12.5900,7,502398.0000,399,S,12.5900,12.5800,12.5700,12.5600,12.5500,12.6000,12.6100,12.6200,12.6300,12.6400,1453,1075,1219,568,1523,266,543,692,79,283
SZ,000001,2019-06-14 09:34:09,12.6000,9,104554.0000,83,B,12.5900,12.5800,12.5700,12.5600,12.5500,12.6000,12.6100,12.6200,12.6300,12.6400,1569,1070,1219,568,1523,358,543,692,135,283
SZ,000001,2019-06-14 09:34:12,12.6000,7,45360.0000,36,B,12.5900,12.5800,12.5700,12.5600,12.5500,12.6000,12.6100,12.6200,12.6300,12.6400,1951,1070,1219,768,1323,329,538,692,135,288
SZ,000001,2019-06-14 09:34:15,12.6000,15,178880.0000,142,B,12.5900,12.5800,12.5700,12.5600,12.5500,12.6000,12.6100,12.6200,12.6300,12.6400,1954,1070,1269,808,1328,225,538,574,135,288
SZ,000001,2019-06-14 09:34:18,12.6000,11,83160.0000,66,B,12.5900,12.5800,12.5700,12.5600,12.5500,12.6000,12.6100,12.6200,12.6300,12.6400,1953,1075,1269,808,1297,180,538,574,135,288
SZ,000001,2019-06-14 09:34:21,12.5900,14,157464.0000,125,S,12.5900,12.5800,12.5700,12.5600,12.5500,12.6000,12.6100,12.6200,12.6300,12.6400,1924,1075,1269,808,1297,102,538,574,135,288
SZ,000001,2019-06-14 09:34:24,12.5900,14,131022.0000,104,S,12.5900,12.5800,12.5700,12.5600,12.5500,12.6000,12.6100,12.6200,12.6300,12.6400,2117,1075,1277,808,1312,102,538,574,135,288
SZ,000001,2019-06-14 09:34:27,12.6000,8,28974.0000,23,B,12.5900,12.5800,12.5700,12.5600,12.5500,12.6000,12.6100,12.6200,12.6300,12.6400,2115,755,1277,858,1312,96,538,574,135,288
SZ,000001,2019-06-14 09:34:30,12.6000,3,8040.0000,6,B,12.5900,12.5800,12.5700,12.5600,12.5500,12.6000,12.6100,12.6200,12.6300,12.6400,2423,765,1277,858,1313,104,538,574,135,288
SZ,000001,2019-06-14 09:34:33,12.6000,9,100748.0000,80,B,12.5900,12.5800,12.5700,12.5600,12.5500,12.6000,12.6100,12.6200,12.6300,12.6400,2397,912,1277,858,1321,76,538,574,135,297
SZ,000001,2019-06-14 09:34:36,12.6000,13,124740.0000,99,B,12.6000,12.5900,12.5800,12.5700,12.5600,12.6100,12.6200,12.6300,12.6400,12.6500,75,2476,773,1277,858,548,574,135,297,1623
SZ,000001,2019-06-14 09:34:39,12.6000,9,89460.0000,71,S,12.6000,12.5900,12.5800,12.5700,12.5600,12.6100,12.6200,12.6300,12.6400,12.6500,38,2648,773,1277,858,587,574,135,297,1623
SZ,000001,2019-06-14 09:34:42,12.6000,11,132304.0000,105,S,12.6000,12.5900,12.5800,12.5700,12.5600,12.6100,12.6200,12.6300,12.6400,12.6500,14,2601,773,1277,858,582,574,135,297,1623
SZ,000001,2019-06-14 09:34:45,12.6000,3,20160.0000,16,S,12.5900,12.5800,12.5700,12.5600,12.5500,12.6000,12.6100,12.6200,12.6300,12.6400,2635,788,1277,858,1302,5,583,574,135,297
SZ,000001,2019-06-14 09:34:48,12.6000,10,49608.0000,40,B,12.6000,12.5900,12.5800,12.5700,12.5600,12.6100,12.6200,12.6300,12.6400,12.6500,386,2411,788,1277,858,581,574,135,297,1628
SZ,000001,2019-06-14 09:34:51,12.6100,3,18900.0000,15,B,12.6000,12.5900,12.5800,12.5700,12.5600,12.6100,12.6200,12.6300,12.6400,12.6500,432,2811,790,1277,859,580,574,135,297,1628
SZ,000001,2019-06-14 09:34:54,12.6000,2,85724.0000,68,S,12.6000,12.5900,12.5800,12.5700,12.5600,12.6100,12.6200,12.6300,12.6400,12.6500,448,2781,790,1277,959,537,577,135,299,1628
SZ,000001,2019-06-14 09:34:57,12.6100,4,29002.0000,23,B,12.6000,12.5900,12.5800,12.5700,12.5600,12.6100,12.6200,12.6300,12.6400,12.6500,658,2781,879,1277,959,516,577,135,299,1628
SZ,000001,2019-06-14 09:35:00,12.6100,10,104642.0000,83,B,12.6000,12.5900,12.5800,12.5700,12.5600,12.6100,12.6200,12.6300,12.6400,12.6500,746,2806,879,1277,959,451,577,135,299,1628
SZ,000001,2019-06-14 09:35:03,12.6100,10,83212.0000,66,B,12.6000,12.5900,12.5800,12.5700,12.5600,12.6100,12.6200,12.6300,12.6400,12.6500,840,2194,879,1277,959,399,589,135,299,1628
SZ,000001,2019-06-14 09:35:06,12.6100,4,23956.0000,19,B,12.6000,12.5900,12.5800,12.5700,12.5600,12.6100,12.6200,12.6300,12.6400,12.6500,1306,2204,889,1277,959,419,589,147,299,1628
SZ,000001,2019-06-14 09:35:09,12.6100,5,47914.0000,38,B,12.6000,12.5900,12.5800,12.5700,12.5600,12.6100,12.6200,12.6300,12.6400,12.6500,1469,2351,1245,1277,959,389,589,151,299,1628
SZ,000001,2019-06-14 09:35:12,12.6000,3,28994.0000,23,S,12.6000,12.5900,12.5800,12.5700,12.5600,12.6100,12.6200,12.6300,12.6400,12.6500,1460,2362,1244,1277,959,375,577,161,299,1628
SZ,000001,2019-06-14 09:35:15,12.6000,5,119768.0000,95,S,12.6000,12.5900,12.5800,12.5700,12.5600,12.6100,12.6200,12.6300,12.6400,12.6500,1434,2362,1244,1277,959,306,577,161,299,1628
SZ,000001,2019-06-14 09:35:18,12.6100,6,42864.0000,34,B,12.6000,12.5900,12.5800,12.5700,12.5600,12.6100,12.6200,12.6300,12.6400,12.6500,1424,2362,1242,1277,959,284,577,161,299,1628
SZ,000001,2019-06-14 09:35:21,12.6100,7,136144.0000,108,B,12.6000,12.5900,12.5800,12.5700,12.5600,12.6100,12.6200,12.6300,12.6400,12.6500,1788,2362,1262,1277,959,222,577,161,299,1628
SZ,000001,2019-06-14 09:35:24,12.6100,4,75600.0000,60,B,12.6000,12.5900,12.5800,12.5700,12.5600,12.6100,12.6200,12.6300,12.6400,12.6500,1683,1362,1263,1277,964,309,577,161,299,1628
SZ,000001,2019-06-14 09:35:27,12.6100,3,16384.0000,13,B,12.6000,12.5900,12.5800,12.5700,12.5600,12.6100,12.6200,12.6300,12.6400,12.6500,1040,1275,1263,1277,964,340,577,161,309,1723
SZ,000001,2019-06-14 09:35:30,12.6100,19,448916.0000,356,B,12.6100,12.6000,12.5900,12.5800,12.5700,12.6200,12.6300,12.6400,12.6500,12.6600,448,999,1272,1263,1277,577,161,309,1723,625
SZ,000001,2019-06-14 09:35:33,12.6100,3,27742.0000,22,S,12.6100,12.6000,12.5900,12.5800,12.5700,12.6200,12.6300,12.6400,12.6500,12.6600,676,1146,1272,1263,1277,579,161,309,1713,627
SZ,000001,2019-06-14 09:35:36,12.6000,15,972194.0000,771,S,12.6000,12.5900,12.5800,12.5700,12.5600,12.6100,12.6200,12.6300,12.6400,12.6500,1110,1272,1263,1277,994,1112,580,161,309,1713
SZ,000001,2019-06-14 09:35:39,12.6000,8,934352.0000,741,S,12.6000,12.5900,12.5800,12.5700,12.5600,12.6100,12.6200,12.6300,12.6400,12.6500,1059,1272,1233,1277,994,425,596,161,309,1713
SZ,000001,2019-06-14 09:35:42,12.6000,2,156340.0000,124,S,12.6000,12.5900,12.5800,12.5700,12.5600,12.6100,12.6200,12.6300,12.6400,12.6500,1173,1272,1233,1277,994,332,612,161,309,1713
SZ,000001,2019-06-14 09:35:45,12.6000,4,47916.0000,38,S,12.6000,12.5900,12.5800,12.5700,12.5600,12.6100,12.6200,12.6300,12.6400,12.6500,1172,1272,1233,1277,994,297,611,161,309,1713
SZ,000001,2019-06-14 09:35:48,12.6100,3,152580.0000,121,B,12.6000,12.5900,12.5800,12.5700,12.5600,12.6100,12.6200,12.6300,12.6400,12.6500,1197,1272,1233,1277,1009,186,595,161,309,1713
SZ,000001,2019-06-14 09:35:51,12.6100,4,47898.0000,38,B,12.6000,12.5900,12.5800,12.5700,12.5600,12.6100,12.6200,12.6300,12.6400,12.6500,1176,1272,1233,1277,1009,169,595,161,309,1713
SZ,000001,2019-06-14 09:35:54,12.6000,7,40322.0000,32,S,12.6000,12.5900,12.5800,12.5700,12.5600,12.6100,12.6200,12.6300,12.6400,12.6500,1148,1277,1204,1277,1009,211,595,161,309,1713
SZ,000001,2019-06-14 09:35:57,12.6100,3,46656.0000,37,B,12.6000,12.5900,12.5800,12.5700,12.5600,12.6100,12.6200,12.6300,12.6400,12.6500,1626,1277,1204,1277,1009,317,595,157,307,1713
SZ,000001,2019-06-14 09:36:00,12.6000,5,21436.0000,17,S,12.6000,12.5900,12.5800,12.5700,12.5600,12.6100,12.6200,12.6300,12.6400,12.6500,1584,1416,1204,1277,1024,361,595,157,307,1713
SZ,000001,2019-06-14 09:36:03,12.6100,24,548484.0000,435,B,12.6100,12.6000,12.5900,12.5800,12.5700,12.6200,12.6300,12.6400,12.6500,12.6600,376,1546,1416,1204,1277,595,157,307,1713,631
SZ,000001,2019-06-14 09:36:06,12.6200,7,118546.0000,94,B,12.6100,12.6000,12.5900,12.5800,12.5700,12.6200,12.6300,12.6400,12.6500,12.6600,403,1575,1416,1202,1277,734,157,307,1713,640
SZ,000001,2019-06-14 09:36:09,12.6100,3,18914.0000,15,S,12.6100,12.6000,12.5900,12.5800,12.5700,12.6200,12.6300,12.6400,12.6500,12.6600,388,1568,1416,1207,1277,734,207,307,1680,640
SZ,000001,2019-06-14 09:36:12,12.6100,10,568712.0000,451,S,12.6000,12.5900,12.5800,12.5700,12.5600,12.6100,12.6200,12.6300,12.6400,12.6500,1554,1356,1207,1277,1024,1039,734,872,307,1680
SZ,000001,2019-06-14 09:36:15,12.6000,3,20174.0000,16,S,12.6000,12.5900,12.5800,12.5700,12.5600,12.6100,12.6200,12.6300,12.6400,12.6500,1575,1351,1207,1277,1024,1178,861,872,357,1675
SZ,000001,2019-06-14 09:36:18,12.6100,4,23958.0000,19,B,12.6000,12.5900,12.5800,12.5700,12.5600,12.6100,12.6200,12.6300,12.6400,12.6500,1573,1351,1207,1287,1024,1259,861,872,357,1675
SZ,000001,2019-06-14 09:36:21,12.6100,3,55484.0000,44,B,12.6000,12.5900,12.5800,12.5700,12.5600,12.6100,12.6200,12.6300,12.6400,12.6500,1560,1351,1262,1287,1024,1217,861,867,357,1725
SZ,000001,2019-06-14 09:36:24,12.6000,7,94554.0000,75,S,12.6000,12.5900,12.5800,12.5700,12.5600,12.6100,12.6200,12.6300,12.6400,12.6500,1554,1351,1262,1287,1024,1173,861,867,357,1725
SZ,000001,2019-06-14 09:36:27,12.6100,6,45366.0000,36,B,12.6000,12.5900,12.5800,12.5700,12.5600,12.6100,12.6200,12.6300,12.6400,12.6500,1544,1351,1262,1287,1024,1189,881,867,509,1725
SZ,000001,2019-06-14 09:36:33,12.6100,2,3782.0000,3,B,12.6000,12.5900,12.5800,12.5700,12.5600,12.6100,12.6200,12.6300,12.6400,12.6500,1701,1355,1272,1315,1024,1207,881,867,509,1725
SZ,000001,2019-06-14 09:36:36,12.6100,5,50418.0000,40,B,12.6000,12.5900,12.5800,12.5700,12.5600,12.6100,12.6200,12.6300,12.6400,12.6500,1684,1337,1272,1315,1024,1189,881,867,509,1725
SZ,000001,2019-06-14 09:36:39,12.6000,7,684180.0000,543,S,12.6000,12.5900,12.5800,12.5700,12.5600,12.6100,12.6200,12.6300,12.6400,12.6500,1481,1337,1272,1315,984,1189,881,887,509,1725
SZ,000001,2019-06-14 09:36:42,12.6100,8,162660.0000,129,B,12.6000,12.5900,12.5800,12.5700,12.5600,12.6100,12.6200,12.6300,12.6400,12.6500,1490,1338,1272,1315,984,1105,881,887,509,1725
SZ,000001,2019-06-14 09:36:45,12.6000,3,46620.0000,37,S,12.6000,12.5900,12.5800,12.5700,12.5600,12.6100,12.6200,12.6300,12.6400,12.6500,1512,1345,1272,1321,984,1107,891,887,509,1725
SZ,000001,2019-06-14 09:36:48,12.6000,7,78160.0000,62,S,12.6000,12.5900,12.5800,12.5700,12.5600,12.6100,12.6200,12.6300,12.6400,12.6500,1501,1345,1272,1321,984,1079,891,887,509,1730
SZ,000001,2019-06-14 09:36:51,12.6100,20,1375756.0000,1091,B,12.6100,12.6000,12.5900,12.5800,12.5700,12.6200,12.6300,12.6400,12.6500,12.6600,35,1523,1345,1272,1321,885,887,539,1737,680
SZ,000001,2019-06-14 09:36:54,12.6100,5,54228.0000,43,S,12.6100,12.6000,12.5900,12.5800,12.5700,12.6200,12.6300,12.6400,12.6500,12.6600,23,1667,1345,1272,1321,881,887,387,1737,680
SZ,000001,2019-06-14 09:36:57,12.6100,7,189148.0000,150,S,12.6000,12.5900,12.5800,12.5700,12.5600,12.6100,12.6200,12.6300,12.6400,12.6500,1669,1340,1272,1321,984,123,908,887,387,1737
SZ,000001,2019-06-14 09:37:00,12.6000,9,131044.0000,104,S,12.6000,12.5900,12.5800,12.5700,12.5600,12.6100,12.6200,12.6300,12.6400,12.6500,1569,1340,1284,1321,984,128,890,887,387,1737
SZ,000001,2019-06-14 09:37:03,12.6100,12,659836.0000,523,B,12.6100,12.6000,12.5900,12.5800,12.5700,12.6200,12.6300,12.6400,12.6500,12.6600,97,1089,1340,1284,1321,530,887,387,1737,680
SZ,000001,2019-06-14 09:37:06,12.6200,9,89592.0000,71,B,12.6100,12.6000,12.5900,12.5800,12.5700,12.6200,12.6300,12.6400,12.6500,12.6600,95,1619,1340,1287,1321,470,887,387,1737,680
SZ,000001,2019-06-14 09:37:09,12.6100,1,95836.0000,76,S,12.6100,12.6000,12.5900,12.5800,12.5700,12.6200,12.6300,12.6400,12.6500,12.6600,53,1611,1340,1287,1321,470,894,387,1737,680
SZ,000001,2019-06-14 09:37:12,12.6100,9,89572.0000,71,S,12.6100,12.6000,12.5900,12.5800,12.5700,12.6200,12.6300,12.6400,12.6500,12.6600,43,1621,1340,1309,1321,428,884,387,1737,680
SZ,000001,2019-06-14 09:37:15,12.6000,12,75672.0000,60,S,12.6000,12.5900,12.5800,12.5700,12.5600,12.6200,12.6300,12.6400,12.6500,12.6600,1629,1339,1309,1321,984,417,884,387,1737,680
SZ,000001,2019-06-14 09:37:18,12.6000,11,241944.0000,192,S,12.6000,12.5900,12.5800,12.5700,12.5600,12.6100,12.6200,12.6300,12.6400,12.6500,1600,1322,1309,1321,984,42,409,884,397,1737
SZ,000001,2019-06-14 09:37:21,12.6300,25,667532.0000,529,B,12.6000,12.5900,12.5800,12.5700,12.5600,12.6300,12.6400,12.6500,12.6600,12.6700,1579,1322,1285,1321,984,857,897,1737,680,581
SZ,000001,2019-06-14 09:37:24,12.6000,17,143640.0000,114,S,12.6000,12.5900,12.5800,12.5700,12.5600,12.6300,12.6400,12.6500,12.6600,12.6700,1640,1183,1285,1321,984,987,897,1737,680,581
SZ,000001,2019-06-14 09:37:27,12.6300,17,705692.0000,559,B,12.6000,12.5900,12.5800,12.5700,12.5600,12.6300,12.6400,12.6500,12.6600,12.6700,1557,1200,1285,1321,984,531,910,1737,682,581
SZ,000001,2019-06-14 09:37:30,12.6000,20,1169176.0000,927,S,12.6000,12.5900,12.5800,12.5700,12.5600,12.6300,12.6400,12.6500,12.6600,12.6700,1298,1201,1285,1321,984,205,1060,1737,686,581
SZ,000001,2019-06-14 09:37:33,12.6200,7,194392.0000,154,B,12.6100,12.6000,12.5900,12.5800,12.5700,12.6200,12.6300,12.6400,12.6500,12.6600,1,1291,1206,1285,1321,2325,176,1060,1837,686
SZ,000001,2019-06-14 09:37:36,12.6100,24,900952.0000,714,S,12.6100,12.6000,12.5900,12.5800,12.5700,12.6200,12.6300,12.6400,12.6500,12.6600,130,1217,1205,1246,1321,1901,121,1060,1837,686
SZ,000001,2019-06-14 09:37:39,12.6200,15,1041124.0000,825,B,12.6100,12.6000,12.5900,12.5800,12.5700,12.6200,12.6300,12.6400,12.6500,12.6600,118,1219,1205,1246,1321,1106,121,1060,1837,686
SZ,000001,2019-06-14 09:37:42,12.6100,18,922428.0000,731,S,12.6100,12.6000,12.5900,12.5800,12.5700,12.6200,12.6300,12.6400,12.6500,12.6600,26,1241,1215,1246,1321,479,149,1038,1837,686
SZ,000001,2019-06-14 09:37:45,12.6200,11,493444.0000,391,B,12.6100,12.6000,12.5900,12.5800,12.5700,12.6200,12.6300,12.6400,12.6500,12.6600,244,1250,1198,1201,1321,37,149,1038,1837,686
SZ,000001,2019-06-14 09:37:48,12.6100,51,1378372.0000,1092,S,12.6100,12.6000,12.5900,12.5800,12.5700,12.6400,12.6500,12.6600,12.6700,12.6800,289,782,1198,1201,1321,739,1837,686,581,660
SZ,000001,2019-06-14 09:37:51,12.6400,20,779876.0000,617,B,12.6200,12.6100,12.6000,12.5900,12.5800,12.6400,12.6500,12.6600,12.6700,12.6800,22,372,825,1198,1176,231,1837,686,581,660
SZ,000001,2019-06-14 09:37:54,12.6500,34,958436.0000,758,B,12.6200,12.6100,12.6000,12.5900,12.5800,12.6500,12.6600,12.6700,12.6800,12.6900,74,309,1281,1154,1181,1455,686,581,660,682
SZ,000001,2019-06-14 09:37:57,12.6500,17,1080216.0000,854,B,12.6300,12.6200,12.6100,12.6000,12.5900,12.6400,12.6500,12.6600,12.6700,12.6800,2,82,311,1281,1154,5,640,686,581,660
SZ,000001,2019-06-14 09:38:00,12.6300,33,683024.0000,540,S,12.6300,12.6200,12.6100,12.6000,12.5900,12.6500,12.6600,12.6700,12.6800,12.6900,57,28,311,917,1518,250,686,581,660,682
SZ,000001,2019-06-14 09:38:03,12.6400,35,566744.0000,448,B,12.6300,12.6200,12.6100,12.6000,12.5900,12.6400,12.6600,12.6700,12.6800,12.6900,544,32,319,917,1518,9,551,581,651,682
SZ,000001,2019-06-14 09:38:06,12.6300,39,1789792.0000,1415,S,12.6200,12.6100,12.6000,12.5900,12.5800,12.6300,12.6700,12.6800,12.6900,12.7000,36,319,917,1518,1186,2497,354,651,707,1346
SZ,000001,2019-06-14 09:38:09,12.6200,25,1509168.0000,1195,S,12.6100,12.6000,12.5900,12.5800,12.5700,12.6200,12.6300,12.6400,12.6500,12.6700,389,857,1528,1186,1317,49,1447,100,23,354
SZ,000001,2019-06-14 09:38:12,12.6200,23,662744.0000,525,B,12.6100,12.6000,12.5900,12.5800,12.5700,12.6200,12.6300,12.6400,12.6500,12.6600,472,857,1528,1236,1317,11,1158,100,26,70
SZ,000001,2019-06-14 09:38:15,12.6200,7,381392.0000,302,B,12.6200,12.6100,12.6000,12.5900,12.5800,12.6300,12.6400,12.6500,12.6600,12.6700,146,442,857,1548,1236,892,100,46,71,354
SZ,000001,2019-06-14 09:38:18,12.6200,11,443064.0000,351,S,12.6100,12.6000,12.5900,12.5800,12.5700,12.6200,12.6300,12.6400,12.6500,12.6600,431,922,1548,1236,1317,65,720,101,56,71
SZ,000001,2019-06-14 09:38:21,12.6200,4,74456.0000,59,B,12.6100,12.6000,12.5900,12.5800,12.5700,12.6200,12.6300,12.6400,12.6500,12.6600,431,950,1548,1186,1317,8,720,101,56,101
SZ,000001,2019-06-14 09:38:24,12.6300,11,184312.0000,146,B,12.6200,12.6100,12.6000,12.5900,12.5800,12.6300,12.6400,12.6500,12.6600,12.6700,20,301,958,1548,1185,596,101,56,101,424
SZ,000001,2019-06-14 09:38:27,12.6200,1,12620.0000,10,S,12.6200,12.6100,12.6000,12.5900,12.5800,12.6300,12.6400,12.6500,12.6600,12.6700,60,301,1118,1548,1185,596,111,142,127,476
SZ,000001,2019-06-14 09:38:30,12.6200,4,121236.0000,96,S,12.6200,12.6100,12.6000,12.5900,12.5800,12.6300,12.6400,12.6500,12.6600,12.6700,70,301,1171,1548,1185,510,111,142,127,486
SZ,000001,2019-06-14 09:38:33,12.6300,6,37892.0000,30,B,12.6200,12.6100,12.6000,12.5900,12.5800,12.6300,12.6400,12.6500,12.6600,12.6700,74,309,1279,1548,1185,485,111,142,187,486
SZ,000001,2019-06-14 09:38:36,12.6200,4,25252.0000,20,S,12.6200,12.6100,12.6000,12.5900,12.5800,12.6300,12.6400,12.6500,12.6600,12.6700,137,309,1279,1548,1185,473,111,142,187,486
SZ,000001,2019-06-14 09:38:39,12.6300,6,83328.0000,66,B,12.6200,12.6100,12.6000,12.5900,12.5800,12.6300,12.6400,12.6500,12.6600,12.6700,107,309,1240,1548,1185,437,111,152,520,486
SZ,000001,2019-06-14 09:38:42,12.6300,9,83304.0000,66,B,12.6200,12.6100,12.6000,12.5900,12.5800,12.6300,12.6400,12.6500,12.6600,12.6700,55,408,1240,1548,1185,463,111,152,520,486
SZ,000001,2019-06-14 09:38:45,12.6300,7,237404.0000,188,B,12.6200,12.6100,12.6000,12.5900,12.5800,12.6300,12.6400,12.6500,12.6600,12.6700,163,413,1240,1549,1185,337,111,152,520,486
SZ,000001,2019-06-14 09:38:48,12.6300,8,73232.0000,58,B,12.6200,12.6100,12.6000,12.5900,12.5800,12.6300,12.6400,12.6500,12.6600,12.6700,143,413,1240,1549,1163,299,111,152,553,486
SZ,000001,2019-06-14 09:38:51,12.6300,3,79572.0000,63,B,12.6200,12.6100,12.6000,12.5900,12.5800,12.6300,12.6400,12.6500,12.6600,12.6700,143,413,1240,1549,1163,286,111,162,573,488
SZ,000001,2019-06-14 09:38:54,12.6200,1,2520.0000,2,S,12.6200,12.6100,12.6000,12.5900,12.5800,12.6300,12.6400,12.6500,12.6600,12.6700,518,414,1240,1549,1163,289,111,282,573,588
SZ,000001,2019-06-14 09:38:57,12.6300,2,11368.0000,9,B,12.6200,12.6100,12.6000,12.5900,12.5800,12.6300,12.6400,12.6500,12.6600,12.6700,545,414,1241,1549,1168,280,131,282,573,615
SZ,000001,2019-06-14 09:39:00,12.6300,5,42936.0000,34,B,12.6200,12.6100,12.6000,12.5900,12.5800,12.6300,12.6400,12.6500,12.6600,12.6700,546,374,1241,1551,1168,261,166,312,573,615
SZ,000001,2019-06-14 09:39:03,12.6300,5,25256.0000,20,B,12.6200,12.6100,12.6000,12.5900,12.5800,12.6300,12.6400,12.6500,12.6600,12.6700,543,381,1351,1543,1168,245,166,312,573,615
SZ,000001,2019-06-14 09:39:06,12.6300,19,787456.0000,624,B,12.6200,12.6100,12.6000,12.5900,12.5800,12.6300,12.6400,12.6500,12.6600,12.6700,28,324,1351,1543,1178,111,166,362,573,615
SZ,000001,2019-06-14 09:39:09,12.6200,4,44176.0000,35,S,12.6100,12.6000,12.5900,12.5800,12.5700,12.6200,12.6300,12.6400,12.6500,12.6600,324,1351,1343,1178,1317,22,105,166,362,573
SZ,000001,2019-06-14 09:39:12,12.6200,15,293624.0000,232,B,12.6200,12.6100,12.6000,12.5900,12.5800,12.6300,12.6400,12.6500,12.6600,12.6700,12,222,1351,1338,1175,34,166,372,573,627
SZ,000001,2019-06-14 09:39:15,12.6300,3,37852.0000,30,B,12.6100,12.6000,12.5900,12.5800,12.5700,12.6300,12.6400,12.6500,12.6600,12.6700,345,1356,1335,1175,1317,28,166,384,573,637
SZ,000001,2019-06-14 09:39:18,12.6300,2,8840.0000,7,B,12.6200,12.6100,12.6000,12.5900,12.5800,12.6300,12.6400,12.6500,12.6600,12.6700,1,348,1342,1335,1175,21,166,384,573,637
SZ,000001,2019-06-14 09:39:24,12.6200,6,36604.0000,29,S,12.6100,12.6000,12.5900,12.5800,12.5700,12.6200,12.6300,12.6400,12.6500,12.6600,349,1347,1339,1175,1317,12,16,166,384,573
SZ,000001,2019-06-14 09:39:27,12.6100,2,11348.0000,9,S,12.6100,12.6000,12.5900,12.5800,12.5700,12.6200,12.6300,12.6400,12.6500,12.6600,356,1347,1339,1175,1317,11,16,166,386,580
SZ,000001,2019-06-14 09:39:30,12.6100,8,215652.0000,171,S,12.6100,12.6000,12.5900,12.5800,12.5700,12.6200,12.6300,12.6400,12.6500,12.6600,211,1347,1328,1175,1317,40,16,166,386,590
SZ,000001,2019-06-14 09:39:33,12.6200,3,36576.0000,29,B,12.6100,12.6000,12.5900,12.5800,12.5700,12.6200,12.6300,12.6400,12.6500,12.6600,186,1347,1328,1175,1317,51,16,66,386,590
SZ,000001,2019-06-14 09:39:36,12.6200,2,26500.0000,21,B,12.6100,12.6000,12.5900,12.5800,12.5700,12.6200,12.6300,12.6400,12.6500,12.6600,205,1347,1328,1175,1317,47,85,66,386,590
SZ,000001,2019-06-14 09:39:39,12.6200,5,31548.0000,25,B,12.6100,12.6000,12.5900,12.5800,12.5700,12.6200,12.6300,12.6400,12.6500,12.6600,607,1377,1328,1175,1317,89,85,66,386,595
SZ,000001,2019-06-14 09:39:42,12.6200,8,61840.0000,49,B,12.6100,12.6000,12.5900,12.5800,12.5700,12.6200,12.6300,12.6400,12.6500,12.6600,608,1377,1328,1170,1317,74,85,66,386,595
SZ,000001,2019-06-14 09:39:48,12.6200,5,94648.0000,75,B,12.6200,12.6100,12.6000,12.5900,12.5800,12.6300,12.6400,12.6500,12.6600,12.6700,26,619,1642,1328,1170,86,84,386,623,950
SZ,000001,2019-06-14 09:39:51,12.6300,16,192976.0000,153,B,12.6100,12.6000,12.5900,12.5800,12.5700,12.6300,12.6400,12.6500,12.6600,12.6700,501,1642,1328,1170,1317,83,84,386,1891,950
SZ,000001,2019-06-14 09:39:54,12.6300,5,36628.0000,29,B,12.6100,12.6000,12.5900,12.5800,12.5700,12.6300,12.6400,12.6500,12.6600,12.6700,501,1682,1378,1170,1317,54,104,386,1991,1195
SZ,000001,2019-06-14 09:39:57,12.6300,1,2524.0000,2,B,12.6100,12.6000,12.5900,12.5800,12.5700,12.6300,12.6400,12.6500,12.6600,12.6700,507,1682,1378,1170,1317,52,104,386,1991,1195
SZ,000001,2019-06-14 09:40:00,12.6100,3,35320.0000,28,S,12.6100,12.6000,12.5900,12.5800,12.5700,12.6300,12.6400,12.6500,12.6600,12.6700,485,1682,1378,1170,1317,19,104,389,1991,1205
SZ,000001,2019-06-14 09:40:03,12.6300,8,35368.0000,28,B,12.6300,12.6200,12.6100,12.6000,12.5900,12.6400,12.6500,12.6600,12.6700,12.6800,39,4,480,1534,1378,99,389,1991,1205,794
SZ,000001,2019-06-14 09:40:06,12.6400,2,6320.0000,5,B,12.6300,12.6200,12.6100,12.6000,12.5900,12.6400,12.6500,12.6600,12.6700,12.6800,74,4,653,1534,1378,66,389,1991,1208,794
SZ,000001,2019-06-14 09:40:09,12.6300,2,21468.0000,17,S,12.6300,12.6200,12.6100,12.6000,12.5900,12.6400,12.6500,12.6600,12.6700,12.6800,61,1,647,1534,1378,66,409,1991,1208,795
SZ,000001,2019-06-14 09:40:12,12.6300,1,5052.0000,4,S,12.6300,12.6200,12.6100,12.6000,12.5900,12.6400,12.6500,12.6600,12.6700,12.6800,63,1,642,1552,1378,116,409,1991,1208,805
SZ,000001,2019-06-14 09:40:15,12.6400,9,35392.0000,28,B,12.6300,12.6200,12.6100,12.6000,12.5900,12.6400,12.6500,12.6600,12.6700,12.6800,62,1,642,1552,1378,130,486,2021,1289,810
SZ,000001,2019-06-14 09:40:18,12.6400,5,13900.0000,11,B,12.6300,12.6200,12.6100,12.6000,12.5900,12.6400,12.6500,12.6600,12.6700,12.6800,591,1,253,1552,1378,183,408,2021,1289,810
SZ,000001,2019-06-14 09:40:21,12.6300,2,6316.0000,5,S,12.6300,12.6200,12.6100,12.6000,12.5900,12.6400,12.6500,12.6600,12.6700,12.6800,602,86,253,1552,1378,183,408,2014,1189,810
SZ,000001,2019-06-14 09:40:24,12.6300,15,351080.0000,278,S,12.6300,12.6200,12.6100,12.6000,12.5900,12.6500,12.6600,12.6700,12.6800,12.6900,608,222,253,1679,1378,411,2014,1189,810,1872
SZ,000001,2019-06-14 09:40:27,12.6300,6,56836.0000,45,S,12.6400,12.6300,12.6200,12.6100,12.6000,12.6500,12.6600,12.6700,12.6800,12.6900,3,572,259,253,1699,642,2014,1187,808,1872
SZ,000001,2019-06-14 09:40:30,12.6300,5,13896.0000,11,S,12.6300,12.6200,12.6100,12.6000,12.5900,12.6500,12.6600,12.6700,12.6800,12.6900,608,259,252,1799,1378,642,2014,1187,808,1872
SZ,000001,2019-06-14 09:40:33,12.6400,2,2528.0000,2,B,12.6300,12.6200,12.6100,12.6000,12.5900,12.6400,12.6500,12.6600,12.6700,12.6800,628,259,252,1799,1378,224,592,2018,1187,808
SZ,000001,2019-06-14 09:40:36,12.6400,9,298300.0000,236,B,12.6300,12.6200,12.6100,12.6000,12.5900,12.6400,12.6500,12.6600,12.6700,12.6800,626,259,256,1799,1362,115,507,1662,1192,892
SZ,000001,2019-06-14 09:40:39,12.6500,10,214936.0000,170,B,12.6400,12.6300,12.6200,12.6100,12.6000,12.6500,12.6600,12.6700,12.6800,12.6900,216,719,259,246,1777,549,1662,1192,892,1882
SZ,000001,2019-06-14 09:40:42,12.6400,3,54392.0000,43,S,12.6400,12.6300,12.6200,12.6100,12.6000,12.6500,12.6600,12.6700,12.6800,12.6900,224,681,259,346,1895,608,1662,1192,912,1882
SZ,000001,2019-06-14 09:40:45,12.6500,5,50592.0000,40,B,12.6400,12.6300,12.6200,12.6100,12.6000,12.6500,12.6600,12.6700,12.6800,12.6900,225,551,259,362,1895,577,1662,1192,912,1882
SZ,000001,2019-06-14 09:40:48,12.6500,3,8852.0000,7,B,12.6400,12.6300,12.6200,12.6100,12.6000,12.6500,12.6600,12.6700,12.6800,12.6900,217,559,259,362,1895,572,1664,1192,910,1882
SZ,000001,2019-06-14 09:40:51,12.6500,3,16444.0000,13,B,12.6400,12.6300,12.6200,12.6100,12.6000,12.6500,12.6600,12.6700,12.6800,12.6900,234,604,259,362,1895,770,1634,1192,910,1917
SZ,000001,2019-06-14 09:40:54,12.6500,2,22768.0000,18,B,12.6400,12.6300,12.6200,12.6100,12.6000,12.6500,12.6600,12.6700,12.6800,12.6900,234,612,259,362,1895,754,1634,1192,910,1917
SZ,000001,2019-06-14 09:40:57,12.6500,14,227704.0000,180,B,12.6400,12.6300,12.6200,12.6100,12.6000,12.6500,12.6600,12.6700,12.6800,12.6900,344,612,259,362,1900,523,1634,1192,916,1917
SZ,000001,2019-06-14 09:41:00,12.6500,18,756368.0000,598,B,12.6400,12.6300,12.6200,12.6100,12.6000,12.6500,12.6600,12.6700,12.6800,12.6900,245,760,264,363,1901,235,1634,1192,923,1917
SZ,000001,2019-06-14 09:41:03,12.6500,14,398456.0000,315,B,12.6500,12.6400,12.6300,12.6200,12.6100,12.6600,12.6700,12.6800,12.6900,12.7000,336,220,760,264,373,1634,1182,913,1917,1596
SZ,000001,2019-06-14 09:41:06,12.6500,2,7588.0000,6,S,12.6500,12.6400,12.6300,12.6200,12.6100,12.6600,12.6700,12.6800,12.6900,12.7000,366,209,760,268,348,1634,1182,913,1967,1596
SZ,000001,2019-06-14 09:41:09,12.6600,5,169560.0000,134,B,12.6500,12.6400,12.6300,12.6200,12.6100,12.6600,12.6700,12.6800,12.6900,12.7000,329,88,753,268,368,1582,1184,1223,1952,1597
SZ,000001,2019-06-14 09:41:15,12.6600,12,283408.0000,224,B,12.6500,12.6400,12.6300,12.6200,12.6100,12.6600,12.6700,12.6800,12.6900,12.7000,215,88,751,278,468,1585,944,1224,1962,1597
SZ,000001,2019-06-14 09:41:18,12.6600,16,378216.0000,299,B,12.6400,12.6300,12.6200,12.6100,12.6000,12.6500,12.6600,12.6700,12.6800,12.6900,80,751,278,518,1852,20,1666,944,1224,1962
SZ,000001,2019-06-14 09:41:21,12.6400,25,236460.0000,187,S,12.6400,12.6300,12.6200,12.6100,12.6000,12.6500,12.6600,12.6700,12.6800,12.6900,479,603,142,349,1852,89,1666,942,1206,1962
SZ,000001,2019-06-14 09:41:24,12.6400,16,311208.0000,246,S,12.6400,12.6300,12.6200,12.6100,12.6000,12.6600,12.6700,12.6800,12.6900,12.7000,412,603,142,353,1853,1583,942,1206,1962,1578
SZ,000001,2019-06-14 09:41:27,12.6500,5,145556.0000,115,B,12.6500,12.6400,12.6300,12.6200,12.6100,12.6600,12.6700,12.6800,12.6900,12.7000,595,412,596,142,353,1503,892,1206,1962,1578
SZ,000001,2019-06-14 09:41:30,12.6600,3,43020.0000,34,B,12.6500,12.6400,12.6300,12.6200,12.6100,12.6600,12.6700,12.6800,12.6900,12.7000,570,466,596,142,353,1496,892,1206,1962,1590
SZ,000001,2019-06-14 09:41:33,12.6600,3,7592.0000,6,B,12.6500,12.6400,12.6300,12.6200,12.6100,12.6600,12.6700,12.6800,12.6900,12.7000,737,472,596,141,349,1519,892,1206,1962,1580
SZ,000001,2019-06-14 09:41:36,12.6500,13,937368.0000,741,S,12.6500,12.6400,12.6300,12.6200,12.6100,12.6600,12.6700,12.6800,12.6900,12.7000,90,610,604,141,349,1517,896,1206,1962,1585
SZ,000001,2019-06-14 09:41:39,12.6500,9,125240.0000,99,S,12.6400,12.6300,12.6200,12.6100,12.6000,12.6500,12.6600,12.6700,12.6800,12.6900,610,604,141,349,1855,1,1544,896,1206,1963
SZ,000001,2019-06-14 09:41:42,12.6600,12,670508.0000,530,B,12.6400,12.6300,12.6200,12.6100,12.6000,12.6500,12.6600,12.6700,12.6800,12.6900,610,604,141,355,1855,3,1493,891,1206,1963
SZ,000001,2019-06-14 09:41:45,12.6600,13,701292.0000,554,B,12.6400,12.6300,12.6200,12.6100,12.6000,12.6600,12.6700,12.6800,12.6900,12.7000,601,604,141,355,1855,1010,933,1306,1963,1573
SZ,000001,2019-06-14 09:41:48,12.6600,7,160736.0000,127,B,12.6400,12.6300,12.6200,12.6100,12.6000,12.6600,12.6700,12.6800,12.6900,12.7000,832,604,141,355,1865,917,933,1316,1963,1573
SZ,000001,2019-06-14 09:41:51,12.6500,3,29080.0000,23,S,12.6400,12.6300,12.6200,12.6100,12.6000,12.6500,12.6600,12.6700,12.6800,12.6900,820,604,141,355,1939,19,919,931,1321,1950
SZ,000001,2019-06-14 09:41:54,12.6500,7,113852.0000,90,B,12.6400,12.6300,12.6200,12.6100,12.6000,12.6500,12.6600,12.6700,12.6800,12.6900,820,604,141,355,1939,127,926,981,1341,1960
SZ,000001,2019-06-14 09:41:57,12.6500,7,149268.0000,118,B,12.6400,12.6300,12.6200,12.6100,12.6000,12.6500,12.6600,12.6700,12.6800,12.6900,820,604,141,355,1939,11,926,981,1351,1980
SZ,000001,2019-06-14 09:42:00,12.6500,7,72116.0000,57,B,12.6400,12.6300,12.6200,12.6100,12.6000,12.6500,12.6600,12.6700,12.6800,12.6900,829,604,141,355,1939,51,917,993,1341,1980
SZ,000001,2019-06-14 09:42:03,12.6500,5,12644.0000,10,B,12.6400,12.6300,12.6200,12.6100,12.6000,12.6500,12.6600,12.6700,12.6800,12.6900,830,604,141,355,1939,81,917,993,1341,2040
SZ,000001,2019-06-14 09:42:06,12.6500,2,32888.0000,26,B,12.6400,12.6300,12.6200,12.6100,12.6000,12.6500,12.6600,12.6700,12.6800,12.6900,830,604,141,355,1939,75,917,993,1348,2040
SZ,000001,2019-06-14 09:42:09,12.6500,11,64512.0000,51,B,12.6400,12.6300,12.6200,12.6100,12.6000,12.6500,12.6600,12.6700,12.6800,12.6900,843,757,141,355,1939,31,917,996,1358,2040
SZ,000001,2019-06-14 09:42:12,12.6400,3,42976.0000,34,S,12.6400,12.6300,12.6200,12.6100,12.6000,12.6500,12.6600,12.6700,12.6800,12.6900,810,757,141,421,1939,312,945,996,1358,2040
SZ,000001,2019-06-14 09:42:15,12.6500,20,1042804.0000,825,B,12.6300,12.6200,12.6100,12.6000,12.5900,12.6500,12.6600,12.6700,12.6800,12.6900,757,56,416,1895,1321,367,945,996,1358,2040
SZ,000001,2019-06-14 09:42:18,12.6400,3,10112.0000,8,S,12.6300,12.6200,12.6100,12.6000,12.5900,12.6400,12.6500,12.6600,12.6700,12.6800,757,56,416,1945,1321,2,376,945,996,1358
SZ,000001,2019-06-14 09:42:21,12.6400,4,15164.0000,12,B,12.6300,12.6200,12.6100,12.6000,12.5900,12.6400,12.6500,12.6600,12.6700,12.6800,750,56,416,1945,1321,1,372,945,996,1358
SZ,000001,2019-06-14 09:42:24,12.6600,14,1082720.0000,856,B,12.6300,12.6200,12.6100,12.6000,12.5900,12.6600,12.6700,12.6800,12.6900,12.7000,550,56,416,1945,1321,662,1002,1358,2040,1925
SZ,000001,2019-06-14 09:42:27,12.6400,3,12632.0000,10,S,12.6400,12.6300,12.6200,12.6100,12.6000,12.6600,12.6700,12.6800,12.6900,12.7000,2,542,56,416,1945,778,1002,1363,2040,1925
SZ,000001,2019-06-14 09:42:30,12.6400,1,2528.0000,2,S,12.6300,12.6200,12.6100,12.6000,12.5900,12.6400,12.6500,12.6600,12.6700,12.6800,542,66,416,1945,1321,3,55,836,1002,1363
SZ,000001,2019-06-14 09:42:33,12.6400,4,8848.0000,7,B,12.6400,12.6300,12.6200,12.6100,12.6000,12.6500,12.6600,12.6700,12.6800,12.6900,90,542,66,416,1945,55,1189,1002,1363,2045
SZ,000001,2019-06-14 09:42:36,12.6500,3,6324.0000,5,B,12.6400,12.6300,12.6200,12.6100,12.6000,12.6500,12.6600,12.6700,12.6800,12.6900,229,592,366,416,1953,53,1197,1002,1363,2045
SZ,000001,2019-06-14 09:42:39,12.6500,1,5060.0000,4,B,12.6400,12.6300,12.6200,12.6100,12.6000,12.6500,12.6600,12.6700,12.6800,12.6900,258,592,366,416,1953,49,1197,1002,1441,2045
SZ,000001,2019-06-14 09:42:42,12.6500,31,876800.0000,694,B,12.6400,12.6300,12.6200,12.6100,12.6000,12.6500,12.6600,12.6700,12.6800,12.6900,1,166,366,416,1953,66,1212,1002,1451,2045
SZ,000001,2019-06-14 09:42:45,12.6500,15,282232.0000,223,B,12.6400,12.6300,12.6200,12.6100,12.6000,12.6500,12.6600,12.6700,12.6800,12.6900,88,348,366,419,1955,10,1090,1007,1673,2061
SZ,000001,2019-06-14 09:42:48,12.6500,5,116292.0000,92,B,12.6300,12.6200,12.6100,12.6000,12.5900,12.6500,12.6600,12.6700,12.6800,12.6900,348,366,419,1955,1326,9,1100,1003,1673,2061
SZ,000001,2019-06-14 09:42:51,12.6600,8,32896.0000,26,B,12.6500,12.6400,12.6300,12.6200,12.6100,12.6600,12.6700,12.6800,12.6900,12.7000,98,28,563,362,419,1090,1003,1623,2061,1926
SZ,000001,2019-06-14 09:42:54,12.6600,20,834036.0000,660,B,12.6500,12.6400,12.6300,12.6200,12.6100,12.6600,12.6700,12.6800,12.6900,12.7000,24,5,140,362,419,1082,1003,1623,2061,1936
SZ,000001,2019-06-14 09:42:57,12.6500,17,237820.0000,188,S,12.6500,12.6400,12.6300,12.6200,12.6100,12.6600,12.6700,12.6800,12.6900,12.7000,46,95,144,362,419,1084,1003,1632,2061,1936
SZ,000001,2019-06-14 09:43:00,12.6600,13,151852.0000,120,B,12.6500,12.6400,12.6300,12.6200,12.6100,12.6600,12.6700,12.6800,12.6900,12.7000,88,95,144,362,419,1275,1011,1632,2061,1936
SZ,000001,2019-06-14 09:43:03,12.6500,4,29112.0000,23,S,12.6500,12.6400,12.6300,12.6200,12.6100,12.6600,12.6700,12.6800,12.6900,12.7000,135,95,144,362,419,1258,1011,1632,2061,1936
SZ,000001,2019-06-14 09:43:06,12.6400,10,293472.0000,232,S,12.6400,12.6300,12.6200,12.6100,12.6000,12.6500,12.6600,12.6700,12.6800,12.6900,91,144,362,419,1923,209,1272,1011,1632,2091
SZ,000001,2019-06-14 09:43:09,12.6600,67,3395424.0000,2682,B,12.6500,12.6400,12.6300,12.6200,12.6100,12.6600,12.6700,12.6800,12.6900,12.7000,6,437,144,362,419,498,696,1642,2091,1936
SZ,000001,2019-06-14 09:43:12,12.6700,12,779824.0000,616,B,12.6500,12.6400,12.6300,12.6200,12.6100,12.6700,12.6800,12.6900,12.7000,12.7100,101,394,144,362,419,682,1642,2091,1936,506
SZ,000001,2019-06-14 09:43:15,12.6500,5,149384.0000,118,S,12.6500,12.6400,12.6300,12.6200,12.6100,12.6700,12.6800,12.6900,12.7000,12.7100,134,394,144,362,419,429,1642,2091,1936,506
SZ,000001,2019-06-14 09:43:18,12.6500,9,134192.0000,106,S,12.6500,12.6400,12.6300,12.6200,12.6100,12.6700,12.6800,12.6900,12.7000,12.7100,94,394,144,362,419,410,1366,2091,1943,506
SZ,000001,2019-06-14 09:43:21,12.6600,7,60736.0000,48,B,12.6500,12.6400,12.6300,12.6200,12.6100,12.6600,12.6700,12.6800,12.6900,12.7000,132,587,144,352,419,10,440,1366,2103,1943
SZ,000001,2019-06-14 09:43:24,12.6500,2,36688.0000,29,S,12.6500,12.6400,12.6300,12.6200,12.6100,12.6600,12.6700,12.6800,12.6900,12.7000,111,587,144,352,419,13,415,1389,2103,1935
SZ,000001,2019-06-14 09:43:27,12.6500,3,18976.0000,15,S,12.6500,12.6400,12.6300,12.6200,12.6100,12.6600,12.6700,12.6800,12.6900,12.7000,102,587,144,352,419,76,612,1389,2103,1934
SZ,000001,2019-06-14 09:43:30,12.6600,12,113944.0000,90,B,12.6500,12.6400,12.6300,12.6200,12.6100,12.6700,12.6800,12.6900,12.7000,12.7100,110,587,144,352,419,721,1384,2103,1950,506
SZ,000001,2019-06-14 09:43:33,12.6500,4,31624.0000,25,S,12.6600,12.6500,12.6400,12.6300,12.6200,12.6700,12.6800,12.6900,12.7000,12.7100,9,496,206,154,352,731,1384,2103,1950,506
SZ,000001,2019-06-14 09:43:36,12.6500,4,12656.0000,10,S,12.6500,12.6400,12.6300,12.6200,12.6100,12.6600,12.6700,12.6800,12.6900,12.7000,503,211,154,352,419,15,786,1612,2103,1950
SZ,000001,2019-06-14 09:43:39,12.6500,11,299960.0000,237,S,12.6500,12.6400,12.6300,12.6200,12.6100,12.6600,12.6700,12.6800,12.6900,12.7000,538,45,154,352,419,2,716,1613,2103,1950
SZ,000001,2019-06-14 09:43:42,12.6600,9,41776.0000,33,B,12.6600,12.6500,12.6400,12.6300,12.6200,12.6700,12.6800,12.6900,12.7000,12.7100,70,538,15,154,352,800,1625,2103,1950,506
SZ,000001,2019-06-14 09:43:45,12.6600,4,122800.0000,97,S,12.6500,12.6400,12.6300,12.6200,12.6100,12.6600,12.6700,12.6800,12.6900,12.7000,538,20,154,352,419,49,817,1625,2103,1950
SZ,000001,2019-06-14 09:43:48,12.6500,4,46832.0000,37,S,12.6500,12.6400,12.6300,12.6200,12.6100,12.6600,12.6700,12.6800,12.6900,12.7000,526,20,154,352,419,4,817,1625,2103,1950
SZ,000001,2019-06-14 09:43:51,12.6700,3,8864.0000,7,B,12.6500,12.6400,12.6300,12.6200,12.6100,12.6600,12.6700,12.6800,12.6900,12.7000,526,20,154,557,419,40,829,1625,2103,1940
SZ,000001,2019-06-14 09:43:54,12.6600,22,434528.0000,343,B,12.6500,12.6400,12.6300,12.6200,12.6100,12.6600,12.6700,12.6800,12.6900,12.7000,197,20,154,557,419,47,547,1635,2103,1940
SZ,000001,2019-06-14 09:43:57,12.6600,8,80992.0000,64,B,12.6500,12.6400,12.6300,12.6200,12.6100,12.6600,12.6700,12.6800,12.6900,12.7000,532,20,154,557,419,64,638,1640,2105,1950
SZ,000001,2019-06-14 09:44:00,12.6600,5,43048.0000,34,B,12.6500,12.6400,12.6300,12.6200,12.6100,12.6600,12.6700,12.6800,12.6900,12.7000,532,160,154,557,419,332,780,1640,2105,1940
SZ,000001,2019-06-14 09:44:03,12.6600,7,20248.0000,16,B,12.6500,12.6400,12.6300,12.6200,12.6100,12.6600,12.6700,12.6800,12.6900,12.7000,530,160,158,557,419,323,830,1868,2105,1946
SZ,000001,2019-06-14 09:44:06,12.6500,8,60760.0000,48,S,12.6500,12.6400,12.6300,12.6200,12.6100,12.6600,12.6700,12.6800,12.6900,12.7000,517,160,158,557,419,301,830,1908,2105,1959
SZ,000001,2019-06-14 09:44:12,12.6600,5,44304.0000,35,B,12.6500,12.6400,12.6300,12.6200,12.6100,12.6600,12.6700,12.6800,12.6900,12.7000,530,160,158,557,419,322,836,1908,2105,1966
SZ,000001,2019-06-14 09:44:15,12.6600,1,5072.0000,4,B,12.6500,12.6400,12.6300,12.6200,12.6100,12.6600,12.6700,12.6800,12.6900,12.7000,537,160,158,557,419,368,830,1964,2105,1966
SZ,000001,2019-06-14 09:44:18,12.6500,3,80968.0000,64,S,12.6500,12.6400,12.6300,12.6200,12.6100,12.6600,12.6700,12.6800,12.6900,12.7000,497,169,158,557,419,356,820,1964,2105,1966
SZ,000001,2019-06-14 09:44:21,12.6600,6,31640.0000,25,B,12.6500,12.6400,12.6300,12.6200,12.6100,12.6600,12.6700,12.6800,12.6900,12.7000,486,169,158,557,419,342,806,1964,2105,1970
SZ,000001,2019-06-14 09:44:24,12.6600,3,56968.0000,45,B,12.6500,12.6400,12.6300,12.6200,12.6100,12.6600,12.6700,12.6800,12.6900,12.7000,486,169,158,557,419,383,806,1964,2105,1985
SZ,000001,2019-06-14 09:44:27,12.6600,6,105016.0000,83,B,12.6500,12.6400,12.6300,12.6200,12.6100,12.6600,12.6700,12.6800,12.6900,12.7000,484,169,158,557,419,390,870,1936,2105,1987
SZ,000001,2019-06-14 09:44:30,12.6500,11,457936.0000,362,S,12.6500,12.6400,12.6300,12.6200,12.6100,12.6600,12.6700,12.6800,12.6900,12.7000,127,309,158,557,399,426,954,1939,2105,2014
SZ,000001,2019-06-14 09:44:33,12.6400,40,860640.0000,680,S,12.6400,12.6300,12.6200,12.6100,12.6000,12.6600,12.6700,12.6800,12.6900,12.7000,256,158,557,399,1927,41,1179,1939,2085,2014
SZ,000001,2019-06-14 09:44:39,12.6500,11,184696.0000,146,S,12.6500,12.6400,12.6300,12.6200,12.6100,12.6600,12.6700,12.6800,12.6900,12.7000,460,279,158,557,399,209,1188,1939,2085,2051
SZ,000001,2019-06-14 09:44:42,12.6500,14,197352.0000,156,S,12.6500,12.6400,12.6300,12.6200,12.6100,12.6600,12.6700,12.6800,12.6900,12.7000,702,279,158,552,399,201,1193,1939,2085,2051
SZ,000001,2019-06-14 09:44:45,12.6600,15,382080.0000,302,B,12.6500,12.6400,12.6300,12.6200,12.6100,12.6600,12.6700,12.6800,12.6900,12.7000,457,279,158,552,399,144,1193,1939,2095,2051
SZ,000001,2019-06-14 09:44:48,12.6500,12,314992.0000,249,S,12.6500,12.6400,12.6300,12.6200,12.6100,12.6600,12.6700,12.6800,12.6900,12.7000,214,284,152,552,399,149,1303,1939,2095,2051
SZ,000001,2019-06-14 09:44:51,12.6600,12,457808.0000,362,B,12.6400,12.6300,12.6200,12.6100,12.6000,12.6500,12.6600,12.6700,12.6800,12.6900,154,152,552,399,1927,10,203,1502,1948,2095
SZ,000001,2019-06-14 09:44:54,12.6500,15,230240.0000,182,B,12.6500,12.6400,12.6300,12.6200,12.6100,12.6600,12.6700,12.6800,12.6900,12.7000,48,91,152,552,399,127,1502,1948,2095,2053
SZ,000001,2019-06-14 09:44:57,12.6500,7,34160.0000,27,S,12.6500,12.6400,12.6300,12.6200,12.6100,12.6600,12.6700,12.6800,12.6900,12.7000,66,91,152,552,399,375,1502,1958,2095,2059
SZ,000001,2019-06-14 09:45:00,12.6500,23,389336.0000,308,S,12.6300,12.6200,12.6100,12.6000,12.5900,12.6500,12.6600,12.6700,12.6800,12.6900,64,552,399,1982,1277,174,288,1502,1958,2095
SZ,000001,2019-06-14 09:45:03,12.6600,23,197304.0000,156,B,12.6300,12.6200,12.6100,12.6000,12.5900,12.6600,12.6700,12.6800,12.6900,12.7000,49,714,399,1882,1277,219,1502,1968,2095,2067
SZ,000001,2019-06-14 09:45:06,12.6500,3,3792.0000,3,S,12.6400,12.6300,12.6200,12.6100,12.6000,12.6500,12.6600,12.6700,12.6800,12.6900,8,49,714,399,1882,5,355,1540,1978,2095
SZ,000001,2019-06-14 09:45:09,12.6500,8,60656.0000,48,B,12.6300,12.6200,12.6100,12.6000,12.5900,12.6500,12.6600,12.6700,12.6800,12.6900,20,714,399,1837,1277,127,257,1518,1978,2095
SZ,000001,2019-06-14 09:45:12,12.6500,6,25296.0000,20,B,12.6300,12.6200,12.6100,12.6000,12.5900,12.6500,12.6600,12.6700,12.6800,12.6900,16,714,399,1835,1277,112,266,1618,1988,2095
SZ,000001,2019-06-14 09:45:15,12.6200,12,72000.0000,57,S,12.6200,12.6100,12.6000,12.5900,12.5800,12.6500,12.6600,12.6700,12.6800,12.6900,699,399,1835,1277,1393,109,275,1618,1988,2095
SZ,000001,2019-06-14 09:45:18,12.6500,2,6328.0000,5,B,12.6200,12.6100,12.6000,12.5900,12.5800,12.6500,12.6600,12.6700,12.6800,12.6900,701,399,1840,1277,1393,129,386,1618,1988,2095
SZ,000001,2019-06-14 09:45:21,12.6400,6,66888.0000,53,S,12.6300,12.6200,12.6100,12.6000,12.5900,12.6500,12.6600,12.6700,12.6800,12.6900,5,652,399,1840,1277,60,384,1618,1988,2095
SZ,000001,2019-06-14 09:45:24,12.6200,15,101136.0000,80,S,12.6200,12.6100,12.6000,12.5900,12.5800,12.6500,12.6600,12.6700,12.6800,12.6900,636,399,1843,1277,1393,15,394,1614,1988,2095
SZ,000001,2019-06-14 09:45:30,12.6500,4,142624.0000,113,B,12.6200,12.6100,12.6000,12.5900,12.5800,12.6500,12.6600,12.6700,12.6800,12.6900,926,399,1843,1382,1413,12,544,1560,1988,2095
SZ,000001,2019-06-14 09:45:33,12.6500,1,5064.0000,4,B,12.6300,12.6200,12.6100,12.6000,12.5900,12.6500,12.6600,12.6700,12.6800,12.6900,12,931,549,1843,1382,93,585,1560,2008,2095
SZ,000001,2019-06-14 09:45:36,12.6500,3,25264.0000,20,B,12.6300,12.6200,12.6100,12.6000,12.5900,12.6500,12.6600,12.6700,12.6800,12.6900,10,927,686,1843,1382,104,585,1560,2008,2095
SZ,000001,2019-06-14 09:45:39,12.6500,1,1264.0000,1,B,12.6300,12.6200,12.6100,12.6000,12.5900,12.6400,12.6500,12.6600,12.6700,12.6800,122,943,686,1843,1382,10,106,636,1573,2008
SZ,000001,2019-06-14 09:45:42,12.6400,8,53088.0000,42,B,12.6400,12.6300,12.6200,12.6100,12.6000,12.6500,12.6600,12.6700,12.6800,12.6900,30,303,1103,549,1838,103,1326,1604,2011,2095
SZ,000001,2019-06-14 09:45:45,12.6500,2,22760.0000,18,B,12.6400,12.6300,12.6200,12.6100,12.6000,12.6500,12.6600,12.6700,12.6800,12.6900,15,303,1103,579,1840,132,1336,1604,2051,2095
SZ,000001,2019-06-14 09:45:48,12.6400,2,34152.0000,27,S,12.6400,12.6300,12.6200,12.6100,12.6000,12.6500,12.6600,12.6700,12.6800,12.6900,409,603,719,579,1840,110,1336,1604,2051,2137
SZ,000001,2019-06-14 09:45:51,12.6400,1,1264.0000,1,S,12.6400,12.6300,12.6200,12.6100,12.6000,12.6500,12.6600,12.6700,12.6800,12.6900,494,623,755,579,1840,110,1336,1503,2051,2137
SZ,000001,2019-06-14 09:45:54,12.6400,7,37936.0000,30,S,12.6400,12.6300,12.6200,12.6100,12.6000,12.6500,12.6600,12.6700,12.6800,12.6900,479,623,811,579,1840,95,1341,1503,2051,2137
SZ,000001,2019-06-14 09:45:57,12.6400,6,386792.0000,306,S,12.6400,12.6300,12.6200,12.6100,12.6000,12.6500,12.6600,12.6700,12.6800,12.6900,180,519,811,783,1840,90,1341,1513,2051,2137
SZ,000001,2019-06-14 09:46:00,12.6500,15,184680.0000,146,B,12.6500,12.6400,12.6300,12.6200,12.6100,12.6600,12.6700,12.6800,12.6900,12.7000,8,108,519,836,783,1344,1513,2051,2137,2163
SZ,000001,2019-06-14 09:46:03,12.6500,13,45552.0000,36,S,12.6400,12.6300,12.6200,12.6100,12.6000,12.6500,12.6600,12.6700,12.6800,12.6900,72,527,836,783,1855,6,1521,1513,2051,2162
SZ,000001,2019-06-14 09:46:06,12.6400,3,12648.0000,10,S,12.6500,12.6400,12.6300,12.6200,12.6100,12.6600,12.6700,12.6800,12.6900,12.7000,3,234,531,689,783,1523,1513,2051,2162,2163
SZ,000001,2019-06-14 09:46:09,12.6500,4,8856.0000,7,S,12.6400,12.6300,12.6200,12.6100,12.6000,12.6600,12.6700,12.6800,12.6900,12.7000,262,541,689,893,1851,1521,1513,2051,2162,2163
SZ,000001,2019-06-14 09:46:12,12.6500,4,18976.0000,15,S,12.6500,12.6400,12.6300,12.6200,12.6100,12.6600,12.6700,12.6800,12.6900,12.7000,118,799,561,689,893,1520,1513,2051,2162,2163
SZ,000001,2019-06-14 09:46:15,12.6500,6,77168.0000,61,S,12.6500,12.6400,12.6300,12.6200,12.6100,12.6600,12.6700,12.6800,12.6900,12.7000,597,884,561,689,893,1516,1513,2051,2162,2163
SZ,000001,2019-06-14 09:46:18,12.6500,6,82240.0000,65,S,12.6500,12.6400,12.6300,12.6200,12.6100,12.6600,12.6700,12.6800,12.6900,12.7000,711,818,561,689,893,1470,1513,2051,2162,2163
SZ,000001,2019-06-14 09:46:21,12.6600,8,83504.0000,66,B,12.6500,12.6400,12.6300,12.6200,12.6100,12.6600,12.6700,12.6800,12.6900,12.7000,661,848,561,704,877,1489,1513,2051,2162,2163
SZ,000001,2019-06-14 09:46:24,12.6600,11,306296.0000,242,B,12.6500,12.6400,12.6300,12.6200,12.6100,12.6600,12.6700,12.6800,12.6900,12.7000,585,848,561,704,877,1323,1513,2051,2162,2165
SZ,000001,2019-06-14 09:46:27,12.6500,4,46840.0000,37,S,12.6500,12.6400,12.6300,12.6200,12.6100,12.6600,12.6700,12.6800,12.6900,12.7000,583,848,541,694,877,1239,1513,2011,2162,2165
SZ,000001,2019-06-14 09:46:30,12.6600,13,202544.0000,160,B,12.6500,12.6400,12.6300,12.6200,12.6100,12.6600,12.6700,12.6800,12.6900,12.7000,563,848,541,694,877,969,1513,2011,2162,2165
SZ,000001,2019-06-14 09:46:33,12.6600,6,132856.0000,105,B,12.6500,12.6400,12.6300,12.6200,12.6100,12.6600,12.6700,12.6800,12.6900,12.7000,503,848,541,694,877,948,1513,2011,2162,2165
SZ,000001,2019-06-14 09:46:36,12.6600,10,154432.0000,122,B,12.6500,12.6400,12.6300,12.6200,12.6100,12.6600,12.6700,12.6800,12.6900,12.7000,538,848,535,694,877,851,1513,2011,2162,2168
SZ,000001,2019-06-14 09:46:39,12.6600,11,121520.0000,96,B,12.6500,12.6400,12.6300,12.6200,12.6100,12.6600,12.6700,12.6800,12.6900,12.7000,527,848,535,678,877,770,1513,2011,2162,2173
SZ,000001,2019-06-14 09:46:42,12.6500,7,122800.0000,97,S,12.6500,12.6400,12.6300,12.6200,12.6100,12.6600,12.6700,12.6800,12.6900,12.7000,526,848,535,678,877,695,1513,2011,2162,2173
SZ,000001,2019-06-14 09:46:45,12.6500,4,36704.0000,29,S,12.6500,12.6400,12.6300,12.6200,12.6100,12.6600,12.6700,12.6800,12.6900,12.7000,516,848,535,678,877,674,1511,2011,2163,2173
SZ,000001,2019-06-14 09:46:48,12.6600,14,652784.0000,516,B,12.6500,12.6400,12.6300,12.6200,12.6100,12.6600,12.6700,12.6800,12.6900,12.7000,603,848,535,680,877,633,1519,2011,2163,2173
SZ,000001,2019-06-14 09:46:51,12.6500,10,231592.0000,183,S,12.6500,12.6400,12.6300,12.6200,12.6100,12.6600,12.6700,12.6800,12.6900,12.7000,699,848,535,680,897,538,1529,2011,2163,2173
SZ,000001,2019-06-14 09:46:54,12.6600,26,767256.0000,606,B,12.6500,12.6400,12.6300,12.6200,12.6100,12.6600,12.6700,12.6800,12.6900,12.7000,753,848,535,680,922,26,1467,2011,2173,2173
SZ,000001,2019-06-14 09:46:57,12.6600,7,58232.0000,46,B,12.6500,12.6400,12.6300,12.6200,12.6100,12.6600,12.6700,12.6800,12.6900,12.7000,753,1078,535,672,962,63,1467,2011,2173,2203
SZ,000001,2019-06-14 09:47:00,12.6500,15,82280.0000,65,S,12.6500,12.6400,12.6300,12.6200,12.6100,12.6600,12.6700,12.6800,12.6900,12.7000,1121,928,365,672,962,29,1467,2011,2173,2203
SZ,000001,2019-06-14 09:47:03,12.6600,11,91152.0000,72,B,12.6600,12.6500,12.6400,12.6300,12.6200,12.6700,12.6800,12.6900,12.7000,12.7100,421,1089,790,355,672,1245,2011,2373,2208,518
SZ,000001,2019-06-14 09:47:06,12.6700,1,13936.0000,11,B,12.6600,12.6500,12.6400,12.6300,12.6200,12.6700,12.6800,12.6900,12.7000,12.7100,1195,1021,790,355,672,1024,2001,2384,2208,518
SZ,000001,2019-06-14 09:47:09,12.6700,5,267344.0000,211,B,12.6600,12.6500,12.6400,12.6300,12.6200,12.6700,12.6800,12.6900,12.7000,12.7100,1351,528,790,355,672,821,2001,2384,2218,518
SZ,000001,2019-06-14 09:47:12,12.6700,21,467400.0000,369,B,12.6600,12.6500,12.6400,12.6300,12.6200,12.6700,12.6800,12.6900,12.7000,12.7100,1741,528,790,356,672,592,2001,2384,2218,518
SZ,000001,2019-06-14 09:47:15,12.6700,8,221728.0000,175,B,12.6600,12.6500,12.6400,12.6300,12.6200,12.6700,12.6800,12.6900,12.7000,12.7100,1873,528,790,362,672,417,2003,2384,2218,518
SZ,000001,2019-06-14 09:47:18,12.6700,103,3339368.0000,2634,B,12.6700,12.6600,12.6500,12.6400,12.6300,12.6900,12.7000,12.7100,12.7200,12.7300,6,1589,73,790,362,2304,2248,518,533,454
SZ,000001,2019-06-14 09:47:21,12.6700,33,526592.0000,415,S,12.6800,12.6700,12.6600,12.6500,12.6400,12.6900,12.7000,12.7100,12.7200,12.7300,4,636,1828,218,790,1910,2248,518,533,454
SZ,000001,2019-06-14 09:47:24,12.6700,7,26632.0000,21,S,12.6700,12.6600,12.6500,12.6400,12.6300,12.6900,12.7000,12.7100,12.7200,12.7300,631,1828,218,790,362,1918,2248,518,533,454
SZ,000001,2019-06-14 09:47:27,12.6700,7,326920.0000,258,S,12.6700,12.6600,12.6500,12.6400,12.6300,12.6900,12.7000,12.7100,12.7200,12.7300,556,1828,228,790,362,1928,2248,518,533,454
SZ,000001,2019-06-14 09:47:30,12.6700,7,291568.0000,230,S,12.6700,12.6600,12.6500,12.6400,12.6300,12.6900,12.7000,12.7100,12.7200,12.7300,832,1728,228,790,362,1848,2248,518,543,474
SZ,000001,2019-06-14 09:47:33,12.6700,8,244600.0000,193,S,12.6700,12.6600,12.6500,12.6400,12.6300,12.6800,12.6900,12.7000,12.7100,12.7200,753,1277,228,340,362,50,1820,2248,518,543
SZ,000001,2019-06-14 09:47:36,12.6700,31,1265904.0000,999,S,12.6700,12.6600,12.6500,12.6400,12.6300,12.6800,12.6900,12.7000,12.7100,12.7200,460,763,83,290,62,688,1833,2248,518,543
SZ,000001,2019-06-14 09:47:39,12.6800,18,682936.0000,539,B,12.6700,12.6600,12.6500,12.6400,12.6300,12.6800,12.6900,12.7000,12.7100,12.7200,43,763,83,290,54,665,1862,2246,462,543
SZ,000001,2019-06-14 09:47:42,12.6600,17,267264.0000,211,S,12.6600,12.6500,12.6400,12.6300,12.6200,12.6700,12.6800,12.6900,12.7000,12.7100,695,113,290,54,652,42,714,1862,2253,462
SZ,000001,2019-06-14 09:47:45,12.6800,9,172344.0000,136,B,12.6700,12.6600,12.6500,12.6400,12.6300,12.6800,12.6900,12.7000,12.7100,12.7200,3,814,103,290,44,682,1862,2255,462,543
SZ,000001,2019-06-14 09:47:48,12.6700,8,63352.0000,50,S,12.6700,12.6600,12.6500,12.6400,12.6300,12.6800,12.6900,12.7000,12.7100,12.7200,13,829,103,290,89,684,1862,2255,462,543
SZ,000001,2019-06-14 09:47:51,12.6700,9,95024.0000,75,S,12.6700,12.6600,12.6500,12.6400,12.6300,12.6800,12.6900,12.7000,12.7100,12.7200,127,681,146,290,89,685,1862,2260,462,543
SZ,000001,2019-06-14 09:47:54,12.6700,12,323096.0000,255,S,12.6600,12.6500,12.6400,12.6300,12.6200,12.6700,12.6800,12.6900,12.7000,12.7100,754,130,290,89,652,54,677,1862,2240,462
SZ,000001,2019-06-14 09:47:57,12.6700,3,8864.0000,7,B,12.6600,12.6500,12.6400,12.6300,12.6200,12.6700,12.6800,12.6900,12.7000,12.7100,932,130,290,89,662,80,721,1862,2240,462
SZ,000001,2019-06-14 09:48:00,12.6800,7,83624.0000,66,B,12.6700,12.6600,12.6500,12.6400,12.6300,12.6800,12.6900,12.7000,12.7100,12.7200,48,932,267,290,89,1173,1860,2240,462,543
SZ,000001,2019-06-14 09:48:03,12.6700,10,620024.0000,489,S,12.6700,12.6600,12.6500,12.6400,12.6300,12.6800,12.6900,12.7000,12.7100,12.7200,562,479,267,289,89,786,1860,2240,462,543
SZ,000001,2019-06-14 09:48:06,12.6700,19,1122632.0000,886,S,12.6700,12.6600,12.6500,12.6400,12.6300,12.6800,12.6900,12.7000,12.7100,12.7200,394,319,267,289,89,792,1870,2240,462,543
SZ,000001,2019-06-14 09:48:09,12.6700,13,237064.0000,187,S,12.6700,12.6600,12.6500,12.6400,12.6300,12.6800,12.6900,12.7000,12.7100,12.7200,365,319,267,289,89,760,1880,2240,462,543
SZ,000001,2019-06-14 09:48:12,12.6800,8,427000.0000,337,B,12.6700,12.6600,12.6500,12.6400,12.6300,12.6800,12.6900,12.7000,12.7100,12.7200,158,319,267,289,89,786,1896,2238,462,540
SZ,000001,2019-06-14 09:48:15,12.6700,9,231864.0000,183,S,12.6600,12.6500,12.6400,12.6300,12.6200,12.6700,12.6800,12.6900,12.7000,12.7100,319,267,289,89,522,136,726,1896,2248,462
SZ,000001,2019-06-14 09:48:18,12.6700,11,354800.0000,280,B,12.6700,12.6600,12.6500,12.6400,12.6300,12.6800,12.6900,12.7000,12.7100,12.7200,1,348,282,289,89,891,1896,2251,462,520
SZ,000001,2019-06-14 09:48:21,12.6700,9,53184.0000,42,S,12.6600,12.6500,12.6400,12.6300,12.6200,12.6700,12.6800,12.6900,12.7000,12.7100,318,282,289,89,497,6,891,1952,2252,462
SZ,000001,2019-06-14 09:48:24,12.6700,8,59544.0000,47,B,12.6600,12.6500,12.6400,12.6300,12.6200,12.6700,12.6800,12.6900,12.7000,12.7100,477,145,289,89,497,8,931,1977,2252,462
SZ,000001,2019-06-14 09:48:27,12.6700,2,8864.0000,7,B,12.6600,12.6500,12.6400,12.6300,12.6200,12.6700,12.6800,12.6900,12.7000,12.7100,480,165,289,89,497,67,981,1988,2252,482
SZ,000001,2019-06-14 09:48:30,12.6700,9,93752.0000,74,B,12.6600,12.6500,12.6400,12.6300,12.6200,12.6700,12.6800,12.6900,12.7000,12.7100,473,173,289,89,497,214,1011,1988,2252,482
SZ,000001,2019-06-14 09:48:33,12.6700,4,55752.0000,44,B,12.6600,12.6500,12.6400,12.6300,12.6200,12.6700,12.6800,12.6900,12.7000,12.7100,474,173,289,109,497,270,1560,1986,2253,482
SZ,000001,2019-06-14 09:48:36,12.6600,28,696296.0000,550,S,12.6500,12.6400,12.6300,12.6200,12.6100,12.6600,12.6700,12.6800,12.6900,12.7000,171,289,109,497,803,369,300,1527,1992,2253
SZ,000001,2019-06-14 09:48:39,12.6600,5,83528.0000,66,B,12.6500,12.6400,12.6300,12.6200,12.6100,12.6600,12.6700,12.6800,12.6900,12.7000,146,431,109,497,803,558,296,1910,1992,2253
SZ,000001,2019-06-14 09:48:42,12.6600,6,39224.0000,31,B,12.6500,12.6400,12.6300,12.6200,12.6100,12.6600,12.6700,12.6800,12.6900,12.7000,124,431,209,497,790,550,346,1863,1992,2253
SZ,000001,2019-06-14 09:48:45,12.6600,3,13928.0000,11,B,12.6500,12.6400,12.6300,12.6200,12.6100,12.6600,12.6700,12.6800,12.6900,12.7000,124,442,209,497,790,589,346,1828,1992,2253
SZ,000001,2019-06-14 09:48:48,12.6500,1,1264.0000,1,S,12.6500,12.6400,12.6300,12.6200,12.6100,12.6600,12.6700,12.6800,12.6900,12.7000,125,442,209,497,790,545,401,1685,2062,2253
SZ,000001,2019-06-14 09:48:51,12.6600,2,7600.0000,6,B,12.6500,12.6400,12.6300,12.6200,12.6100,12.6600,12.6700,12.6800,12.6900,12.7000,328,442,209,497,790,539,419,1685,2062,2263
SZ,000001,2019-06-14 09:48:54,12.6500,13,419976.0000,332,S,12.6500,12.6400,12.6300,12.6200,12.6100,12.6600,12.6700,12.6800,12.6900,12.7000,11,442,269,497,790,489,349,1695,2062,2263
SZ,000001,2019-06-14 09:48:57,12.6600,9,399776.0000,316,B,12.6500,12.6400,12.6300,12.6200,12.6100,12.6600,12.6700,12.6800,12.6900,12.7000,135,439,275,497,790,246,365,1688,2066,2263
SZ,000001,2019-06-14 09:49:00,12.6500,4,54424.0000,43,S,12.6500,12.6400,12.6300,12.6200,12.6100,12.6600,12.6700,12.6800,12.6900,12.7000,122,439,275,497,790,223,552,1688,2066,2263
SZ,000001,2019-06-14 09:49:03,12.6600,5,13920.0000,11,B,12.6500,12.6400,12.6300,12.6200,12.6100,12.6600,12.6700,12.6800,12.6900,12.7000,128,439,375,497,790,213,552,1688,2077,2263
SZ,000001,2019-06-14 09:49:06,12.6500,2,44280.0000,35,S,12.6500,12.6400,12.6300,12.6200,12.6100,12.6600,12.6700,12.6800,12.6900,12.7000,93,439,375,497,790,229,553,1693,2077,2263
SZ,000001,2019-06-14 09:49:09,12.6500,10,166984.0000,132,S,12.6500,12.6400,12.6300,12.6200,12.6100,12.6600,12.6700,12.6800,12.6900,12.7000,158,439,375,497,790,238,661,1693,2077,2263
SZ,000001,2019-06-14 09:49:12,12.6500,1,1264.0000,1,S,12.6500,12.6400,12.6300,12.6200,12.6100,12.6600,12.6700,12.6800,12.6900,12.7000,207,439,375,497,770,241,661,1733,2177,2363
SZ,000001,2019-06-14 09:49:15,12.6600,5,107552.0000,85,B,12.6500,12.6400,12.6300,12.6200,12.6100,12.6600,12.6700,12.6800,12.6900,12.7000,161,439,375,497,770,207,661,1744,2177,2369
SZ,000001,2019-06-14 09:49:18,12.6600,3,34176.0000,27,B,12.6500,12.6400,12.6300,12.6200,12.6100,12.6600,12.6700,12.6800,12.6900,12.7000,182,439,375,497,770,189,661,1754,2177,2361
SZ,000001,2019-06-14 09:49:21,12.6600,3,10128.0000,8,B,12.6500,12.6400,12.6300,12.6200,12.6100,12.6600,12.6700,12.6800,12.6900,12.7000,625,439,375,497,772,181,679,1754,2177,2366
SZ,000001,2019-06-14 09:49:24,12.6500,2,29096.0000,23,S,12.6500,12.6400,12.6300,12.6200,12.6100,12.6600,12.6700,12.6800,12.6900,12.7000,605,439,375,497,772,181,697,1754,2180,2376
SZ,000001,2019-06-14 09:49:27,12.6600,1,7600.0000,6,B,12.6500,12.6400,12.6300,12.6200,12.6100,12.6600,12.6700,12.6800,12.6900,12.7000,605,439,375,497,772,175,702,1754,2180,2376
SZ,000001,2019-06-14 09:49:30,12.6600,11,605944.0000,479,B,12.6500,12.6400,12.6300,12.6200,12.6100,12.6600,12.6700,12.6800,12.6900,12.7000,134,439,375,497,772,170,709,1849,2190,2384
SZ,000001,2019-06-14 09:49:33,12.6500,1,3792.0000,3,S,12.6500,12.6400,12.6300,12.6200,12.6100,12.6600,12.6700,12.6800,12.6900,12.7000,141,439,375,497,772,324,541,1849,2190,2384
SZ,000001,2019-06-14 09:49:36,12.6500,6,39248.0000,31,S,12.6500,12.6400,12.6300,12.6200,12.6100,12.6600,12.6700,12.6800,12.6900,12.7000,138,444,375,497,772,304,541,1863,2190,2424
SZ,000001,2019-06-14 09:49:39,12.6600,3,56928.0000,45,B,12.6500,12.6400,12.6300,12.6200,12.6100,12.6600,12.6700,12.6800,12.6900,12.7000,462,444,375,497,772,309,541,1863,2190,2424
SZ,000001,2019-06-14 09:49:42,12.6500,10,75952.0000,60,S,12.6500,12.6400,12.6300,12.6200,12.6100,12.6600,12.6700,12.6800,12.6900,12.7000,472,444,375,497,772,281,541,1863,2691,2433
SZ,000001,2019-06-14 09:49:45,12.6600,5,201136.0000,159,B,12.6500,12.6400,12.6300,12.6200,12.6100,12.6600,12.6700,12.6800,12.6900,12.7000,316,444,375,497,772,278,541,1863,2701,2443
SZ,000001,2019-06-14 09:49:48,12.6600,1,5064.0000,4,B,12.6500,12.6400,12.6300,12.6200,12.6100,12.6600,12.6700,12.6800,12.6900,12.7000,316,444,375,497,782,284,541,1863,2706,2453
SZ,000001,2019-06-14 09:49:51,12.6500,3,43008.0000,34,S,12.6500,12.6400,12.6300,12.6200,12.6100,12.6600,12.6700,12.6800,12.6900,12.7000,293,444,380,547,782,335,541,1863,2706,2453
SZ,000001,2019-06-14 09:49:54,12.6500,3,69576.0000,55,S,12.6500,12.6400,12.6300,12.6200,12.6100,12.6600,12.6700,12.6800,12.6900,12.7000,238,444,380,547,782,332,541,1863,2706,2462
SZ,000001,2019-06-14 09:49:57,12.6500,10,89872.0000,71,S,12.6500,12.6400,12.6300,12.6200,12.6100,12.6600,12.6700,12.6800,12.6900,12.7000,231,444,380,497,882,281,541,1863,2726,2462
SZ,000001,2019-06-14 09:50:00,12.6500,9,37976.0000,30,S,12.6500,12.6400,12.6300,12.6200,12.6100,12.6600,12.6700,12.6800,12.6900,12.7000,359,444,380,497,882,261,558,1863,2726,2462
SZ,000001,2019-06-14 09:50:03,12.6500,5,17720.0000,14,S,12.6500,12.6400,12.6300,12.6200,12.6100,12.6600,12.6700,12.6800,12.6900,12.7000,360,444,380,497,882,345,558,1878,2726,2465
SZ,000001,2019-06-14 09:50:06,12.6400,19,591952.0000,468,S,12.6400,12.6300,12.6200,12.6100,12.6000,12.6600,12.6700,12.6800,12.6900,12.7000,372,396,497,882,2175,334,558,1878,2726,2465
SZ,000001,2019-06-14 09:50:09,12.6500,3,31624.0000,25,B,12.6400,12.6300,12.6200,12.6100,12.6000,12.6500,12.6600,12.6700,12.6800,12.6900,374,396,497,882,2175,15,334,591,1878,2726
SZ,000001,2019-06-14 09:50:12,12.6500,1,1272.0000,1,B,12.6400,12.6300,12.6200,12.6100,12.6000,12.6500,12.6600,12.6700,12.6800,12.6900,374,396,497,882,2175,131,259,591,1878,2726
SZ,000001,2019-06-14 09:50:15,12.6500,4,27824.0000,22,B,12.6400,12.6300,12.6200,12.6100,12.6000,12.6500,12.6600,12.6700,12.6800,12.6900,394,396,497,902,2175,109,310,591,1888,2741
SZ,000001,2019-06-14 09:50:18,12.6500,1,6328.0000,5,B,12.6400,12.6300,12.6200,12.6100,12.6000,12.6500,12.6600,12.6700,12.6800,12.6900,396,396,497,902,2175,137,310,591,1888,2741
SZ,000001,2019-06-14 09:50:21,12.6500,4,13912.0000,11,B,12.6400,12.6300,12.6200,12.6100,12.6000,12.6500,12.6600,12.6700,12.6800,12.6900,773,396,497,902,2175,208,310,597,1888,2741
SZ,000001,2019-06-14 09:50:24,12.6500,3,17712.0000,14,B,12.6400,12.6300,12.6200,12.6100,12.6000,12.6500,12.6600,12.6700,12.6800,12.6900,773,396,507,902,2175,197,325,597,1868,2741
SZ,000001,2019-06-14 09:50:27,12.6500,6,20232.0000,16,B,12.6400,12.6300,12.6200,12.6100,12.6000,12.6500,12.6600,12.6700,12.6800,12.6900,860,396,507,902,2175,195,325,597,1863,2741
SZ,000001,2019-06-14 09:50:30,12.6500,8,233840.0000,185,B,12.6400,12.6300,12.6200,12.6100,12.6000,12.6500,12.6600,12.6700,12.6800,12.6900,681,396,507,892,2175,191,317,599,1864,2741
SZ,000001,2019-06-14 09:50:33,12.6400,8,79672.0000,63,S,12.6400,12.6300,12.6200,12.6100,12.6000,12.6500,12.6600,12.6700,12.6800,12.6900,656,396,507,892,2175,484,317,599,1864,2741
SZ,000001,2019-06-14 09:50:36,12.6400,13,185808.0000,147,S,12.6400,12.6300,12.6200,12.6100,12.6000,12.6500,12.6600,12.6700,12.6800,12.6900,520,396,507,892,2140,494,290,599,1864,2751
SZ,000001,2019-06-14 09:50:39,12.6400,15,128936.0000,102,S,12.6400,12.6300,12.6200,12.6100,12.6000,12.6500,12.6600,12.6700,12.6800,12.6900,430,538,507,892,2071,645,290,599,1839,2751
SZ,000001,2019-06-14 09:50:42,12.6500,14,189656.0000,150,B,12.6400,12.6300,12.6200,12.6100,12.6000,12.6500,12.6600,12.6700,12.6800,12.6900,340,538,507,892,2071,680,290,599,1839,2751
SZ,000001,2019-06-14 09:50:45,12.6400,11,433552.0000,343,S,12.6300,12.6200,12.6100,12.6000,12.5900,12.6400,12.6500,12.6600,12.6700,12.6800,538,507,892,2071,1018,757,772,297,599,1844
SZ,000001,2019-06-14 09:50:48,12.6300,16,365008.0000,289,S,12.6300,12.6200,12.6100,12.6000,12.5900,12.6400,12.6500,12.6600,12.6700,12.6800,254,507,892,2071,1018,1002,826,297,599,1844
SZ,000001,2019-06-14 09:50:51,12.6300,7,59368.0000,47,S,12.6300,12.6200,12.6100,12.6000,12.5900,12.6400,12.6500,12.6600,12.6700,12.6800,163,507,892,2070,1018,998,826,292,599,1849
SZ,000001,2019-06-14 09:50:54,12.6300,16,260160.0000,206,S,12.6200,12.6100,12.6000,12.5900,12.5800,12.6300,12.6400,12.6500,12.6600,12.6700,490,892,2074,618,1152,149,957,826,292,603
SZ,000001,2019-06-14 09:50:57,12.6200,1,5048.0000,4,S,12.6200,12.6100,12.6000,12.5900,12.5800,12.6300,12.6400,12.6500,12.6600,12.6700,491,892,2074,618,1152,891,948,796,292,885
SZ,000001,2019-06-14 09:51:00,12.6300,3,49224.0000,39,B,12.6200,12.6100,12.6000,12.5900,12.5800,12.6300,12.6400,12.6500,12.6600,12.6700,460,892,2074,618,1152,902,918,796,243,862
SZ,000001,2019-06-14 09:51:03,12.6300,8,45464.0000,36,B,12.6200,12.6100,12.6000,12.5900,12.5800,12.6300,12.6400,12.6500,12.6600,12.6700,529,892,2080,618,1152,869,918,796,243,862
SZ,000001,2019-06-14 09:51:06,12.6200,6,69424.0000,55,S,12.6200,12.6100,12.6000,12.5900,12.5800,12.6300,12.6400,12.6500,12.6600,12.6700,873,892,2080,618,1182,859,918,837,243,862
SZ,000001,2019-06-14 09:51:09,12.6200,4,99704.0000,79,S,12.6200,12.6100,12.6000,12.5900,12.5800,12.6300,12.6400,12.6500,12.6600,12.6700,803,892,2080,618,1177,867,918,466,243,862
SZ,000001,2019-06-14 09:51:12,12.6200,3,198200.0000,157,S,12.6200,12.6100,12.6000,12.5900,12.5800,12.6300,12.6400,12.6500,12.6600,12.6700,706,992,2090,648,1199,799,172,466,243,862
SZ,000001,2019-06-14 09:51:15,12.6300,2,16408.0000,13,B,12.6200,12.6100,12.6000,12.5900,12.5800,12.6300,12.6400,12.6500,12.6600,12.6700,696,997,2090,648,1219,876,177,467,243,862
SZ,000001,2019-06-14 09:51:18,12.6200,24,1180520.0000,935,S,12.6200,12.6100,12.6000,12.5900,12.5800,12.6300,12.6400,12.6500,12.6600,12.6700,334,1197,2210,648,1219,329,177,482,253,865
SZ,000001,2019-06-14 09:51:21,12.6300,7,66904.0000,53,B,12.6200,12.6100,12.6000,12.5900,12.5800,12.6300,12.6400,12.6500,12.6600,12.6700,309,1333,2170,648,1224,308,177,482,401,865
SZ,000001,2019-06-14 09:51:24,12.6200,1,1264.0000,1,S,12.6200,12.6100,12.6000,12.5900,12.5800,12.6300,12.6400,12.6500,12.6600,12.6700,308,1333,2170,648,1224,308,177,482,401,865
SZ,000001,2019-06-14 09:51:27,12.6300,1,5048.0000,4,B,12.6200,12.6100,12.6000,12.5900,12.5800,12.6300,12.6400,12.6500,12.6600,12.6700,328,1333,2170,648,1224,304,177,482,401,815
SZ,000001,2019-06-14 09:51:30,12.6200,1,10096.0000,8,S,12.6200,12.6100,12.6000,12.5900,12.5800,12.6300,12.6400,12.6500,12.6600,12.6700,340,1333,2170,648,1204,297,177,482,401,815
SZ,000001,2019-06-14 09:51:33,12.6200,2,18936.0000,15,S,12.6200,12.6100,12.6000,12.5900,12.5800,12.6300,12.6400,12.6500,12.6600,12.6700,335,1333,2170,648,1204,301,177,582,401,815
SZ,000001,2019-06-14 09:51:36,12.6200,1,6312.0000,5,S,12.6200,12.6100,12.6000,12.5900,12.5800,12.6300,12.6400,12.6500,12.6600,12.6700,330,1333,1952,648,1204,301,93,592,401,825
SZ,000001,2019-06-14 09:51:39,12.6300,5,161664.0000,128,B,12.6200,12.6100,12.6000,12.5900,12.5800,12.6300,12.6400,12.6500,12.6600,12.6700,343,1133,1942,648,1204,173,93,592,401,825
SZ,000001,2019-06-14 09:51:42,12.6300,5,34104.0000,27,B,12.6200,12.6100,12.6000,12.5900,12.5800,12.6300,12.6400,12.6500,12.6600,12.6700,343,1133,1922,648,1204,151,93,592,401,825
SZ,000001,2019-06-14 09:51:45,12.6300,4,21456.0000,17,B,12.6200,12.6100,12.6000,12.5900,12.5800,12.6300,12.6400,12.6500,12.6600,12.6700,340,1153,1902,648,1204,135,93,592,401,828
SZ,000001,2019-06-14 09:51:48,12.6300,7,60616.0000,48,B,12.6200,12.6100,12.6000,12.5900,12.5800,12.6300,12.6400,12.6500,12.6600,12.6700,330,1153,1910,638,1204,228,93,596,401,828
SZ,000001,2019-06-14 09:51:54,12.6200,3,35336.0000,28,S,12.6200,12.6100,12.6000,12.5900,12.5800,12.6300,12.6400,12.6500,12.6600,12.6700,341,1153,1910,698,1204,385,110,596,401,828
SZ,000001,2019-06-14 09:51:57,12.6200,1,126200.0000,100,S,12.6200,12.6100,12.6000,12.5900,12.5800,12.6300,12.6400,12.6500,12.6600,12.6700,241,1153,1910,698,1254,388,110,596,401,828
SZ,000001,2019-06-14 09:52:00,12.6300,5,15152.0000,12,B,12.6200,12.6100,12.6000,12.5900,12.5800,12.6300,12.6400,12.6500,12.6600,12.6700,389,1153,1910,698,1254,397,110,596,429,831
SZ,000001,2019-06-14 09:52:03,12.6200,12,213280.0000,169,S,12.6200,12.6100,12.6000,12.5900,12.5800,12.6300,12.6400,12.6500,12.6600,12.6700,231,1153,1918,698,1254,391,110,596,429,831
SZ,000001,2019-06-14 09:52:09,12.6200,17,599456.0000,475,S,12.6200,12.6100,12.6000,12.5900,12.5800,12.6300,12.6400,12.6500,12.6600,12.6700,206,1153,1915,736,1257,418,110,606,429,831
SZ,000001,2019-06-14 09:52:12,12.6200,3,26504.0000,21,S,12.6200,12.6100,12.6000,12.5900,12.5800,12.6300,12.6400,12.6500,12.6600,12.6700,193,1163,1916,736,1257,423,110,606,429,831
SZ,000001,2019-06-14 09:52:15,12.6300,3,27776.0000,22,B,12.6200,12.6100,12.6000,12.5900,12.5800,12.6300,12.6400,12.6500,12.6600,12.6700,234,1163,1836,736,1257,444,110,606,421,831
SZ,000001,2019-06-14 09:52:18,12.6300,3,106040.0000,84,B,12.6200,12.6100,12.6000,12.5900,12.5800,12.6300,12.6400,12.6500,12.6600,12.6700,184,1163,1836,736,1257,445,110,606,421,831
SZ,000001,2019-06-14 09:52:21,12.6200,26,510160.0000,404,S,12.6200,12.6100,12.6000,12.5900,12.5800,12.6300,12.6400,12.6500,12.6600,12.6700,91,1163,1846,736,1257,140,110,606,421,880
SZ,000001,2019-06-14 09:52:27,12.6300,2,13888.0000,11,B,12.6200,12.6100,12.6000,12.5900,12.5800,12.6300,12.6400,12.6500,12.6600,12.6700,225,1163,1846,739,1257,142,120,606,421,880
SZ,000001,2019-06-14 09:52:30,12.6300,8,55536.0000,44,B,12.6200,12.6100,12.6000,12.5900,12.5800,12.6300,12.6400,12.6500,12.6600,12.6700,195,1173,1846,730,1257,293,120,606,421,880
SZ,000001,2019-06-14 09:52:33,12.6300,12,371320.0000,294,B,12.6300,12.6200,12.6100,12.6000,12.5900,12.6400,12.6500,12.6600,12.6700,12.6800,15,194,1173,1846,730,120,606,421,880,1700
SZ,000001,2019-06-14 09:52:36,12.6300,8,61888.0000,49,S,12.6300,12.6200,12.6100,12.6000,12.5900,12.6400,12.6500,12.6600,12.6700,12.6800,8,188,1173,1846,730,220,606,421,877,1700
SZ,000001,2019-06-14 09:52:39,12.6300,8,59352.0000,47,S,12.6200,12.6100,12.6000,12.5900,12.5800,12.6300,12.6400,12.6500,12.6600,12.6700,432,1181,1846,730,1257,104,355,606,424,877
SZ,000001,2019-06-14 09:52:42,12.6300,3,35344.0000,28,B,12.6200,12.6100,12.6000,12.5900,12.5800,12.6300,12.6400,12.6500,12.6600,12.6700,549,1181,1886,730,1258,102,353,601,424,877
SZ,000001,2019-06-14 09:52:45,12.6200,2,13888.0000,11,S,12.6200,12.6100,12.6000,12.5900,12.5800,12.6300,12.6400,12.6500,12.6600,12.6700,536,1181,1886,730,1258,99,267,601,424,877
SZ,000001,2019-06-14 09:52:48,12.6300,2,7576.0000,6,B,12.6200,12.6100,12.6000,12.5900,12.5800,12.6300,12.6400,12.6500,12.6600,12.6700,1030,1181,1886,730,1258,92,267,601,424,877
SZ,000001,2019-06-14 09:52:51,12.6300,5,125032.0000,99,B,12.6300,12.6200,12.6100,12.6000,12.5900,12.6400,12.6500,12.6600,12.6700,12.6800,41,1034,1194,1886,730,267,601,424,877,1705
SZ,000001,2019-06-14 09:52:54,12.6300,11,526552.0000,417,S,12.6200,12.6100,12.6000,12.5900,12.5800,12.6300,12.6400,12.6500,12.6600,12.6700,907,1194,1895,730,1258,24,263,601,424,877
SZ,000001,2019-06-14 09:52:57,12.6400,4,79632.0000,63,B,12.6300,12.6200,12.6100,12.6000,12.5900,12.6400,12.6500,12.6600,12.6700,12.6800,110,907,1194,1895,930,200,601,424,877,1717
SZ,000001,2019-06-14 09:53:00,12.6300,5,75792.0000,60,S,12.6300,12.6200,12.6100,12.6000,12.5900,12.6400,12.6500,12.6600,12.6700,12.6800,61,911,1194,1895,920,201,601,424,877,1717
SZ,000001,2019-06-14 09:53:03,12.6300,6,98520.0000,78,S,12.6200,12.6100,12.6000,12.5900,12.5800,12.6300,12.6400,12.6500,12.6600,12.6700,941,1194,1897,920,1258,150,208,601,424,877
SZ,000001,2019-06-14 09:53:06,12.6300,3,11360.0000,9,B,12.6200,12.6100,12.6000,12.5900,12.5800,12.6300,12.6400,12.6500,12.6600,12.6700,940,1194,1912,920,1258,156,218,601,424,877
SZ,000001,2019-06-14 09:53:09,12.6200,7,119944.0000,95,S,12.6200,12.6100,12.6000,12.5900,12.5800,12.6300,12.6400,12.6500,12.6600,12.6700,901,1058,1862,920,1258,100,218,601,424,887
SZ,000001,2019-06-14 09:53:12,12.6300,2,21472.0000,17,B,12.6200,12.6100,12.6000,12.5900,12.5800,12.6300,12.6400,12.6500,12.6600,12.6700,899,1058,1862,925,1258,135,218,601,424,887
SZ,000001,2019-06-14 09:53:15,12.6200,2,8832.0000,7,S,12.6200,12.6100,12.6000,12.5900,12.5800,12.6300,12.6400,12.6500,12.6600,12.6700,895,1058,1862,925,1308,137,218,601,424,887
SZ,000001,2019-06-14 09:53:18,12.6200,6,171640.0000,136,S,12.6200,12.6100,12.6000,12.5900,12.5800,12.6300,12.6400,12.6500,12.6600,12.6700,832,1058,1862,925,1308,184,244,601,424,881
SZ,000001,2019-06-14 09:53:21,12.6300,5,11368.0000,9,B,12.6200,12.6100,12.6000,12.5900,12.5800,12.6300,12.6400,12.6500,12.6600,12.6700,1013,1058,1862,924,1308,340,244,601,424,881
SZ,000001,2019-06-14 09:53:24,12.6200,2,44168.0000,35,S,12.6200,12.6100,12.6000,12.5900,12.5800,12.6300,12.6400,12.6500,12.6600,12.6700,1069,1058,1862,924,1308,347,244,601,424,881
SZ,000001,2019-06-14 09:53:27,12.6300,17,377360.0000,299,B,12.6200,12.6100,12.6000,12.5900,12.5800,12.6300,12.6400,12.6500,12.6600,12.6700,793,1058,1862,924,1308,328,244,601,424,881
SZ,000001,2019-06-14 09:53:30,12.6300,24,550568.0000,436,B,12.6300,12.6200,12.6100,12.6000,12.5900,12.6400,12.6500,12.6600,12.6700,12.6800,663,707,1058,1862,924,244,551,424,881,1808
SZ,000001,2019-06-14 09:53:33,12.6300,4,51784.0000,41,S,12.6300,12.6200,12.6100,12.6000,12.5900,12.6400,12.6500,12.6600,12.6700,12.6800,680,704,1078,1847,924,239,565,424,891,1808
SZ,000001,2019-06-14 09:53:39,12.6300,8,188208.0000,149,S,12.6300,12.6200,12.6100,12.6000,12.5900,12.6400,12.6500,12.6600,12.6700,12.6800,683,802,1078,1875,924,226,575,424,891,1808
SZ,000001,2019-06-14 09:53:42,12.6400,4,12640.0000,10,B,12.6300,12.6200,12.6100,12.6000,12.5900,12.6400,12.6500,12.6600,12.6700,12.6800,683,802,1078,1875,924,241,615,424,891,1808
SZ,000001,2019-06-14 09:53:45,12.6300,6,85880.0000,68,S,12.6300,12.6200,12.6100,12.6000,12.5900,12.6400,12.6500,12.6600,12.6700,12.6800,622,795,1075,1875,944,230,615,424,891,1808
SZ,000001,2019-06-14 09:53:48,12.6400,2,18960.0000,15,B,12.6300,12.6200,12.6100,12.6000,12.5900,12.6400,12.6500,12.6600,12.6700,12.6800,621,789,1075,1835,944,222,615,424,921,1808
SZ,000001,2019-06-14 09:53:51,12.6300,19,501528.0000,397,S,12.6300,12.6200,12.6100,12.6000,12.5900,12.6400,12.6500,12.6600,12.6700,12.6800,355,784,1075,1835,944,101,615,424,921,1808
SZ,000001,2019-06-14 09:53:54,12.6400,15,161792.0000,128,B,12.6400,12.6300,12.6200,12.6100,12.6000,12.6500,12.6600,12.6700,12.6800,12.6900,372,360,784,1075,1835,615,432,921,1768,2706
SZ,000001,2019-06-14 09:53:57,12.6400,6,136512.0000,108,S,12.6400,12.6300,12.6200,12.6100,12.6000,12.6500,12.6600,12.6700,12.6800,12.6900,267,357,794,1075,1835,630,442,921,1772,2706
SZ,000001,2019-06-14 09:54:00,12.6400,10,370344.0000,293,S,12.6300,12.6200,12.6100,12.6000,12.5900,12.6400,12.6500,12.6600,12.6700,12.6800,347,696,1075,1847,948,576,631,442,921,1775
SZ,000001,2019-06-14 09:54:03,12.6400,9,106120.0000,84,B,12.6300,12.6200,12.6100,12.6000,12.5900,12.6400,12.6500,12.6600,12.6700,12.6800,295,692,1075,2067,958,633,630,442,921,1775
SZ,000001,2019-06-14 09:54:06,12.6300,11,375112.0000,297,S,12.6200,12.6100,12.6000,12.5900,12.5800,12.6300,12.6400,12.6500,12.6600,12.6700,692,1075,1940,953,1453,7,639,657,449,921
SZ,000001,2019-06-14 09:54:09,12.6200,5,637048.0000,504,S,12.6200,12.6100,12.6000,12.5900,12.5800,12.6300,12.6400,12.6500,12.6600,12.6700,691,1075,1930,953,1453,60,145,644,449,921
SZ,000001,2019-06-14 09:54:12,12.6200,6,138968.0000,110,S,12.6300,12.6200,12.6100,12.6000,12.5900,12.6400,12.6500,12.6600,12.6700,12.6800,102,699,1075,1930,953,117,654,451,921,1770
SZ,000001,2019-06-14 09:54:15,12.6300,2,3784.0000,3,S,12.6300,12.6200,12.6100,12.6000,12.5900,12.6400,12.6500,12.6600,12.6700,12.6800,121,698,1075,1930,953,163,657,451,921,1770
SZ,000001,2019-06-14 09:54:18,12.6300,1,15160.0000,12,S,12.6300,12.6200,12.6100,12.6000,12.5900,12.6400,12.6500,12.6600,12.6700,12.6800,255,698,1075,1930,953,165,638,471,921,1770
SZ,000001,2019-06-14 09:54:21,12.6300,7,18952.0000,15,S,12.6300,12.6200,12.6100,12.6000,12.5900,12.6400,12.6500,12.6600,12.6700,12.6800,308,729,1075,1930,953,226,631,471,921,1770
SZ,000001,2019-06-14 09:54:24,12.6300,7,39176.0000,31,S,12.6300,12.6200,12.6100,12.6000,12.5900,12.6400,12.6500,12.6600,12.6700,12.6800,336,729,1075,1930,953,200,631,471,921,1770
SZ,000001,2019-06-14 09:54:27,12.6300,11,50520.0000,40,S,12.6300,12.6200,12.6100,12.6000,12.5900,12.6400,12.6500,12.6600,12.6700,12.6800,296,729,1075,1930,953,461,636,471,921,1770
SZ,000001,2019-06-14 09:54:30,12.6300,13,373848.0000,296,S,12.6200,12.6100,12.6000,12.5900,12.5800,12.6300,12.6400,12.6500,12.6600,12.6700,729,1075,1930,953,1463,33,462,618,471,921
SZ,000001,2019-06-14 09:54:33,12.6300,10,34104.0000,27,B,12.6200,12.6100,12.6000,12.5900,12.5800,12.6300,12.6400,12.6500,12.6600,12.6700,729,1075,1930,953,1463,222,327,618,571,921
SZ,000001,2019-06-14 09:54:36,12.6200,3,7568.0000,6,S,12.6200,12.6100,12.6000,12.5900,12.5800,12.6300,12.6400,12.6500,12.6600,12.6700,729,1075,1930,953,1463,256,327,618,571,921
SZ,000001,2019-06-14 09:54:39,12.6200,15,532560.0000,422,S,12.6200,12.6100,12.6000,12.5900,12.5800,12.6300,12.6400,12.6500,12.6600,12.6700,678,975,1930,953,1463,358,327,640,571,911
SZ,000001,2019-06-14 09:54:42,12.6300,15,280224.0000,222,B,12.6200,12.6100,12.6000,12.5900,12.5800,12.6300,12.6400,12.6500,12.6600,12.6700,511,975,1980,953,1463,303,327,640,571,911
SZ,000001,2019-06-14 09:54:45,12.6200,19,430352.0000,341,S,12.6200,12.6100,12.6000,12.5900,12.5800,12.6300,12.6400,12.6500,12.6600,12.6700,183,975,1982,953,1463,291,327,640,571,911
SZ,000001,2019-06-14 09:54:48,12.6200,6,253968.0000,201,S,12.6100,12.6000,12.5900,12.5800,12.5700,12.6200,12.6300,12.6400,12.6500,12.6600,875,2082,953,1458,1413,75,291,327,644,571
SZ,000001,2019-06-14 09:54:51,12.6100,5,39120.0000,31,S,12.6100,12.6000,12.5900,12.5800,12.5700,12.6200,12.6300,12.6400,12.6500,12.6600,880,2132,953,1458,1413,354,217,327,644,571
SZ,000001,2019-06-14 09:54:54,12.6100,6,30272.0000,24,S,12.6100,12.6000,12.5900,12.5800,12.5700,12.6200,12.6300,12.6400,12.6500,12.6600,861,2130,953,1458,1413,354,245,327,644,571
SZ,000001,2019-06-14 09:54:57,12.6100,13,47944.0000,38,S,12.6100,12.6000,12.5900,12.5800,12.5700,12.6200,12.6300,12.6400,12.6500,12.6600,854,2269,953,1458,1413,327,245,327,644,601
SZ,000001,2019-06-14 09:55:00,12.6100,3,5040.0000,4,S,12.6100,12.6000,12.5900,12.5800,12.5700,12.6200,12.6300,12.6400,12.6500,12.6600,850,2269,953,1458,1413,328,245,327,614,601
SZ,000001,2019-06-14 09:55:03,12.6100,8,32800.0000,26,S,12.6100,12.6000,12.5900,12.5800,12.5700,12.6200,12.6300,12.6400,12.6500,12.6600,845,2269,953,1458,1413,347,245,329,614,601
SZ,000001,2019-06-14 09:55:06,12.6100,7,20184.0000,16,S,12.6100,12.6000,12.5900,12.5800,12.5700,12.6200,12.6300,12.6400,12.6500,12.6600,1211,2249,953,1458,1413,375,224,329,614,601
SZ,000001,2019-06-14 09:55:09,12.6100,16,467832.0000,371,S,12.6100,12.6000,12.5900,12.5800,12.5700,12.6200,12.6300,12.6400,12.6500,12.6600,840,2289,953,1458,1413,376,223,329,614,601
SZ,000001,2019-06-14 09:55:12,12.6100,3,6304.0000,5,S,12.6100,12.6000,12.5900,12.5800,12.5700,12.6200,12.6300,12.6400,12.6500,12.6600,835,2339,953,1458,1413,393,223,329,608,601
SZ,000001,2019-06-14 09:55:15,12.6100,4,7568.0000,6,S,12.6100,12.6000,12.5900,12.5800,12.5700,12.6200,12.6300,12.6400,12.6500,12.6600,1281,2299,953,1458,1413,393,120,329,608,601
SZ,000001,2019-06-14 09:55:18,12.6100,13,61808.0000,49,S,12.6100,12.6000,12.5900,12.5800,12.5700,12.6200,12.6300,12.6400,12.6500,12.6600,1247,2299,954,1458,1413,376,120,329,608,601
SZ,000001,2019-06-14 09:55:21,12.6100,8,17664.0000,14,S,12.6100,12.6000,12.5900,12.5800,12.5700,12.6200,12.6300,12.6400,12.6500,12.6600,1268,2299,954,1458,1413,430,110,329,568,601
SZ,000001,2019-06-14 09:55:24,12.6100,5,22696.0000,18,S,12.6100,12.6000,12.5900,12.5800,12.5700,12.6200,12.6300,12.6400,12.6500,12.6600,1250,2299,954,1458,1413,430,110,329,568,601
SZ,000001,2019-06-14 09:55:27,12.6100,9,64312.0000,51,S,12.6100,12.6000,12.5900,12.5800,12.5700,12.6200,12.6300,12.6400,12.6500,12.6600,1206,2299,954,1458,1413,409,110,329,568,601
SZ,000001,2019-06-14 09:55:30,12.6100,12,63064.0000,50,S,12.6100,12.6000,12.5900,12.5800,12.5700,12.6200,12.6300,12.6400,12.6500,12.6600,1169,2299,954,1448,1443,399,110,329,568,621
SZ,000001,2019-06-14 09:55:33,12.6100,9,49184.0000,39,S,12.6100,12.6000,12.5900,12.5800,12.5700,12.6200,12.6300,12.6400,12.6500,12.6600,1135,2299,954,1448,1443,394,110,229,568,661
SZ,000001,2019-06-14 09:55:36,12.6100,5,15136.0000,12,S,12.6100,12.6000,12.5900,12.5800,12.5700,12.6200,12.6300,12.6400,12.6500,12.6600,1270,2319,916,1448,1443,400,110,229,568,661
SZ,000001,2019-06-14 09:55:39,12.6200,16,273656.0000,217,B,12.6100,12.6000,12.5900,12.5800,12.5700,12.6200,12.6300,12.6400,12.6500,12.6600,1076,2319,916,1448,1443,414,110,229,568,661
SZ,000001,2019-06-14 09:55:42,12.6100,8,32792.0000,26,S,12.6100,12.6000,12.5900,12.5800,12.5700,12.6200,12.6300,12.6400,12.6500,12.6600,1163,2319,916,1449,1443,420,110,229,568,661
SZ,000001,2019-06-14 09:55:45,12.6100,4,68144.0000,54,S,12.6100,12.6000,12.5900,12.5800,12.5700,12.6200,12.6300,12.6400,12.6500,12.6600,1169,2319,916,1449,1443,370,110,229,568,661
SZ,000001,2019-06-14 09:55:48,12.6100,19,721312.0000,572,S,12.6100,12.6000,12.5900,12.5800,12.5700,12.6200,12.6300,12.6400,12.6500,12.6600,623,2299,916,1399,1443,362,110,229,575,661
SZ,000001,2019-06-14 09:55:51,12.6100,14,606560.0000,481,S,12.6100,12.6000,12.5900,12.5800,12.5700,12.6200,12.6300,12.6400,12.6500,12.6600,166,2299,911,1399,1443,352,110,229,575,641
SZ,000001,2019-06-14 09:55:54,12.6100,15,324328.0000,257,S,12.6100,12.6000,12.5900,12.5800,12.5700,12.6200,12.6300,12.6400,12.6500,12.6600,162,2299,911,1399,1436,114,110,229,625,641
SZ,000001,2019-06-14 09:55:57,12.6100,11,85760.0000,68,S,12.6100,12.6000,12.5900,12.5800,12.5700,12.6200,12.6300,12.6400,12.6500,12.6600,115,2299,911,1399,1436,114,110,229,625,641
SZ,000001,2019-06-14 09:56:00,12.6100,4,69352.0000,55,S,12.6100,12.6000,12.5900,12.5800,12.5700,12.6200,12.6300,12.6400,12.6500,12.6600,89,2289,911,1399,1436,275,110,229,620,641
SZ,000001,2019-06-14 09:56:03,12.6200,16,44160.0000,35,B,12.6100,12.6000,12.5900,12.5800,12.5700,12.6200,12.6300,12.6400,12.6500,12.6600,787,2282,904,1399,1436,251,110,229,620,641
SZ,000001,2019-06-14 09:56:06,12.6100,31,425008.0000,337,S,12.6100,12.6000,12.5900,12.5800,12.5700,12.6200,12.6300,12.6400,12.6500,12.6600,498,2282,904,1399,1436,208,125,229,620,641
SZ,000001,2019-06-14 09:56:09,12.6100,12,1268560.0000,1006,S,12.6100,12.6000,12.5900,12.5800,12.5700,12.6200,12.6300,12.6400,12.6500,12.6600,223,2182,904,1399,1436,209,155,229,620,642
SZ,000001,2019-06-14 09:56:12,12.6200,14,185400.0000,147,B,12.6100,12.6000,12.5900,12.5800,12.5700,12.6200,12.6300,12.6400,12.6500,12.6600,185,2192,904,1399,1436,215,155,229,620,642
SZ,000001,2019-06-14 09:56:15,12.6100,8,197976.0000,157,S,12.6100,12.6000,12.5900,12.5800,12.5700,12.6200,12.6300,12.6400,12.6500,12.6600,228,2331,904,1399,1436,215,155,231,620,672
SZ,000001,2019-06-14 09:56:18,12.6100,3,6304.0000,5,S,12.6100,12.6000,12.5900,12.5800,12.5700,12.6200,12.6300,12.6400,12.6500,12.6600,234,2331,904,1399,1436,216,155,252,620,672
SZ,000001,2019-06-14 09:56:21,12.6200,15,294024.0000,233,B,12.6200,12.6100,12.6000,12.5900,12.5800,12.6300,12.6400,12.6500,12.6600,12.6700,74,213,2331,914,1399,155,252,620,672,856
SZ,000001,2019-06-14 09:56:24,12.6200,5,13880.0000,11,S,12.6200,12.6100,12.6000,12.5900,12.5800,12.6300,12.6400,12.6500,12.6600,12.6700,127,212,2331,914,1399,155,252,620,677,856
SZ,000001,2019-06-14 09:56:27,12.6200,6,40384.0000,32,S,12.6200,12.6100,12.6000,12.5900,12.5800,12.6300,12.6400,12.6500,12.6600,12.6700,95,221,2331,914,1399,168,252,620,677,856
SZ,000001,2019-06-14 09:56:30,12.6200,5,35336.0000,28,S,12.6200,12.6100,12.6000,12.5900,12.5800,12.6300,12.6400,12.6500,12.6600,12.6700,253,221,2331,914,1399,181,252,620,677,856
SZ,000001,2019-06-14 09:56:33,12.6200,6,17672.0000,14,S,12.6200,12.6100,12.6000,12.5900,12.5800,12.6300,12.6400,12.6500,12.6600,12.6700,266,222,2331,914,1399,336,252,620,677,866
SZ,000001,2019-06-14 09:56:36,12.6200,21,123688.0000,98,S,12.6200,12.6100,12.6000,12.5900,12.5800,12.6300,12.6400,12.6500,12.6600,12.6700,182,228,2331,914,1399,325,252,721,677,866
SZ,000001,2019-06-14 09:56:39,12.6200,4,13888.0000,11,S,12.6200,12.6100,12.6000,12.5900,12.5800,12.6300,12.6400,12.6500,12.6600,12.6700,171,222,2331,914,1399,326,252,721,677,866
SZ,000001,2019-06-14 09:56:42,12.6200,4,50480.0000,40,S,12.6200,12.6100,12.6000,12.5900,12.5800,12.6300,12.6400,12.6500,12.6600,12.6700,133,222,2331,914,1399,341,252,723,677,866
SZ,000001,2019-06-14 09:56:45,12.6300,8,21464.0000,17,B,12.6200,12.6100,12.6000,12.5900,12.5800,12.6300,12.6400,12.6500,12.6600,12.6700,409,222,2331,924,1399,344,252,723,677,866
SZ,000001,2019-06-14 09:56:48,12.6200,4,6304.0000,5,S,12.6200,12.6100,12.6000,12.5900,12.5800,12.6300,12.6400,12.6500,12.6600,12.6700,405,224,2331,924,1399,352,252,823,677,888
SZ,000001,2019-06-14 09:56:51,12.6200,11,507328.0000,402,S,12.6200,12.6100,12.6000,12.5900,12.5800,12.6300,12.6400,12.6500,12.6600,12.6700,5,224,2331,924,1399,372,252,823,677,888
SZ,000001,2019-06-14 09:56:54,12.6200,7,85816.0000,68,S,12.6100,12.6000,12.5900,12.5800,12.5700,12.6200,12.6300,12.6400,12.6500,12.6600,224,2331,924,1399,1438,102,212,252,823,677
SZ,000001,2019-06-14 09:56:57,12.6100,8,23976.0000,19,S,12.6100,12.6000,12.5900,12.5800,12.5700,12.6200,12.6300,12.6400,12.6500,12.6600,467,2331,944,1399,1438,97,210,252,823,577
SZ,000001,2019-06-14 09:57:00,12.6200,5,11344.0000,9,B,12.6100,12.6000,12.5900,12.5800,12.5700,12.6200,12.6300,12.6400,12.6500,12.6600,459,2331,944,1399,1436,199,210,252,823,577
SZ,000001,2019-06-14 09:57:03,12.6100,9,31552.0000,25,S,12.6100,12.6000,12.5900,12.5800,12.5700,12.6200,12.6300,12.6400,12.6500,12.6600,685,2332,944,1399,1436,179,210,252,823,632
SZ,000001,2019-06-14 09:57:06,12.6100,3,5040.0000,4,S,12.6100,12.6000,12.5900,12.5800,12.5700,12.6200,12.6300,12.6400,12.6500,12.6600,755,2332,944,1399,1436,215,210,252,823,632
SZ,000001,2019-06-14 09:57:09,12.6100,9,42888.0000,34,S,12.6100,12.6000,12.5900,12.5800,12.5700,12.6200,12.6300,12.6400,12.6500,12.6600,734,2332,944,1401,1436,243,210,252,823,632
SZ,000001,2019-06-14 09:57:12,12.6200,4,69400.0000,55,B,12.6100,12.6000,12.5900,12.5800,12.5700,12.6200,12.6300,12.6400,12.6500,12.6600,751,2322,944,1401,1436,194,210,252,823,632
SZ,000001,2019-06-14 09:57:15,12.6100,3,5048.0000,4,S,12.6100,12.6000,12.5900,12.5800,12.5700,12.6200,12.6300,12.6400,12.6500,12.6600,747,2332,944,1401,1436,246,210,252,823,632
SZ,000001,2019-06-14 09:57:18,12.6100,8,32808.0000,26,S,12.6100,12.6000,12.5900,12.5800,12.5700,12.6200,12.6300,12.6400,12.6500,12.6600,792,2332,944,1401,1436,308,210,252,828,632
SZ,000001,2019-06-14 09:57:21,12.6200,12,40368.0000,32,B,12.6100,12.6000,12.5900,12.5800,12.5700,12.6200,12.6300,12.6400,12.6500,12.6600,1606,2332,944,1401,1436,287,500,252,828,601
SZ,000001,2019-06-14 09:57:24,12.6100,4,17664.0000,14,S,12.6100,12.6000,12.5900,12.5800,12.5700,12.6200,12.6300,12.6400,12.6500,12.6600,1595,2332,944,1401,1436,287,500,252,828,601
SZ,000001,2019-06-14 09:57:27,12.6100,6,51720.0000,41,S,12.6100,12.6000,12.5900,12.5800,12.5700,12.6200,12.6300,12.6400,12.6500,12.6600,1675,2332,944,1401,1436,275,500,252,828,601
SZ,000001,2019-06-14 09:57:30,12.6200,11,59288.0000,47,B,12.6100,12.6000,12.5900,12.5800,12.5700,12.6200,12.6300,12.6400,12.6500,12.6600,1704,2332,944,1401,1436,251,500,252,828,601
SZ,000001,2019-06-14 09:57:33,12.6100,17,689776.0000,547,S,12.6100,12.6000,12.5900,12.5800,12.5700,12.6200,12.6300,12.6400,12.6500,12.6600,1187,2312,944,1384,1436,337,500,272,828,601
SZ,000001,2019-06-14 09:57:36,12.6100,5,55480.0000,44,S,12.6100,12.6000,12.5900,12.5800,12.5700,12.6200,12.6300,12.6400,12.6500,12.6600,1170,2451,944,1384,1436,352,500,353,833,601
SZ,000001,2019-06-14 09:57:39,12.6100,10,460280.0000,365,S,12.6100,12.6000,12.5900,12.5800,12.5700,12.6200,12.6300,12.6400,12.6500,12.6600,817,2451,944,1384,1436,507,500,353,833,651
SZ,000001,2019-06-14 09:57:42,12.6100,10,147552.0000,117,S,12.6100,12.6000,12.5900,12.5800,12.5700,12.6200,12.6300,12.6400,12.6500,12.6600,717,2451,944,1384,1436,516,500,353,833,651
SZ,000001,2019-06-14 09:57:45,12.6100,3,11360.0000,9,S,12.6100,12.6000,12.5900,12.5800,12.5700,12.6200,12.6300,12.6400,12.6500,12.6600,713,2173,944,1384,1436,514,472,353,841,651
SZ,000001,2019-06-14 09:57:48,12.6200,1,2520.0000,2,B,12.6100,12.6000,12.5900,12.5800,12.5700,12.6200,12.6300,12.6400,12.6500,12.6600,1293,2175,961,1384,1436,517,472,353,841,651
SZ,000001,2019-06-14 09:57:51,12.6200,27,807560.0000,640,B,12.6200,12.6100,12.6000,12.5900,12.5800,12.6300,12.6400,12.6500,12.6600,12.6700,484,1191,2175,961,1384,457,309,841,651,888
SZ,000001,2019-06-14 09:58:03,12.6300,36,2051264.0000,1625,B,12.6300,12.6200,12.6100,12.6000,12.5900,12.6400,12.6500,12.6600,12.6700,12.6800,2,1095,584,2036,961,291,854,651,888,1978
SZ,000001,2019-06-14 09:58:06,12.6200,5,61888.0000,49,S,12.6300,12.6200,12.6100,12.6000,12.5900,12.6400,12.6500,12.6600,12.6700,12.6800,15,1076,604,2036,961,300,854,651,888,1978
SZ,000001,2019-06-14 09:58:09,12.6200,3,55544.0000,44,S,12.6200,12.6100,12.6000,12.5900,12.5800,12.6400,12.6500,12.6600,12.6700,12.6800,1057,1414,2036,961,1388,300,854,651,888,1978
SZ,000001,2019-06-14 09:58:12,12.6300,2,27768.0000,22,B,12.6300,12.6200,12.6100,12.6000,12.5900,12.6400,12.6500,12.6600,12.6700,12.6800,586,1048,1414,2036,961,300,854,651,888,1988
SZ,000001,2019-06-14 09:58:15,12.6300,7,103576.0000,82,S,12.6300,12.6200,12.6100,12.6000,12.5900,12.6400,12.6500,12.6600,12.6700,12.6800,528,1035,1414,2036,961,289,854,651,888,1988
SZ,000001,2019-06-14 09:58:18,12.6400,18,864264.0000,685,B,12.6200,12.6100,12.6000,12.5900,12.5800,12.6400,12.6500,12.6600,12.6700,12.6800,987,1408,2036,961,1388,258,854,651,888,1988
SZ,000001,2019-06-14 09:58:21,12.6200,10,104768.0000,83,S,12.6200,12.6100,12.6000,12.5900,12.5800,12.6400,12.6500,12.6600,12.6700,12.6800,923,1408,2036,961,1393,374,854,651,888,1988
SZ,000001,2019-06-14 09:58:24,12.6200,7,159016.0000,126,S,12.6200,12.6100,12.6000,12.5900,12.5800,12.6400,12.6500,12.6600,12.6700,12.6800,807,1408,2036,961,1413,534,854,651,978,1997
SZ,000001,2019-06-14 09:58:27,12.6400,6,15168.0000,12,B,12.6300,12.6200,12.6100,12.6000,12.5900,12.6400,12.6500,12.6600,12.6700,12.6800,2,815,1408,2036,961,522,854,651,981,1997
