市场代码,证券代码,时间,最新价,成交笔数,成交额,成交量,方向,买一价,买二价,买三价,买四价,买五价,卖一价,卖二价,卖三价,卖四价,卖五价,买一量,买二量,买三量,买四量,买五量,卖一量,卖二量,卖三量,卖四量,卖五量
SZ,000001,2019-06-12 09:25:03,12.6300,175,6105645.0000,4834,S,12.6300,12.6100,12.6000,12.5900,12.5800,12.6400,12.6500,12.6600,12.6700,12.6800,21,28,143,58,1335,227,1322,856,1153,566
SZ,000001,2019-06-12 09:30:03,12.6000,83,3265703.0000,2588,S,12.5900,12.5800,12.5700,12.5600,12.5500,12.6000,12.6100,12.6200,12.6300,12.6400,363,1366,71,446,605,2,45,280,1373,1115
SZ,000001,2019-06-12 09:30:06,12.6100,55,1297571.0000,1028,B,12.5900,12.5800,12.5700,12.5600,12.5500,12.6100,12.6300,12.6400,12.6500,12.6600,843,1889,99,496,614,12,1540,1104,1299,917
SZ,000001,2019-06-12 09:30:09,12.6300,19,210866.0000,167,B,12.6100,12.5900,12.5800,12.5700,12.5600,12.6300,12.6400,12.6500,12.6600,12.6700,12,1067,1892,99,496,1538,1114,1299,923,820
SZ,000001,2019-06-12 09:30:12,12.6200,15,190528.0000,151,S,12.6100,12.6000,12.5900,12.5800,12.5700,12.6200,12.6300,12.6400,12.6500,12.6600,144,58,1336,1905,76,120,1581,1113,1337,1201
SZ,000001,2019-06-12 09:30:15,12.6100,20,233419.0000,185,S,12.6100,12.6000,12.5900,12.5800,12.5700,12.6200,12.6300,12.6400,12.6500,12.6600,331,20,1270,1402,76,45,1587,1111,1317,1201
SZ,000001,2019-06-12 09:30:18,12.6300,32,346007.0000,274,B,12.6200,12.6100,12.6000,12.5900,12.5800,12.6300,12.6400,12.6500,12.6600,12.6700,48,787,20,924,1402,1360,1090,1317,1201,644
SZ,000001,2019-06-12 09:30:21,12.6300,13,253569.0000,201,B,12.6200,12.6100,12.6000,12.5900,12.5800,12.6300,12.6400,12.6500,12.6600,12.6700,2362,677,20,704,1402,1340,1090,1307,1201,644
SZ,000001,2019-06-12 09:30:24,12.6200,40,868751.0000,688,S,12.6200,12.6100,12.6000,12.5900,12.5800,12.6300,12.6400,12.6500,12.6600,12.6700,2885,499,20,704,1402,908,1040,1308,1201,644
SZ,000001,2019-06-12 09:30:27,12.6300,49,1430531.0000,1133,B,12.6300,12.6200,12.6100,12.6000,12.5900,12.6400,12.6500,12.6600,12.6700,12.6800,57,2962,496,70,704,1000,1308,1201,644,882
SZ,000001,2019-06-12 09:30:30,12.6300,10,587305.0000,465,S,12.6300,12.6200,12.6100,12.6000,12.5900,12.6400,12.6500,12.6600,12.6700,12.6800,614,2799,496,70,704,996,1308,1201,642,885
SZ,000001,2019-06-12 09:30:33,12.6300,9,79578.0000,63,S,12.6300,12.6200,12.6100,12.6000,12.5900,12.6400,12.6500,12.6600,12.6700,12.6800,922,2799,491,70,704,987,1308,1201,642,885
SZ,000001,2019-06-12 09:30:36,12.6400,17,349962.0000,277,B,12.6300,12.6200,12.6100,12.6000,12.5900,12.6400,12.6500,12.6600,12.6700,12.6800,952,2801,491,70,704,905,1308,951,642,885
SZ,000001,2019-06-12 09:30:39,12.6400,16,142741.0000,113,B,12.6300,12.6200,12.6100,12.6000,12.5900,12.6400,12.6500,12.6600,12.6700,12.6800,913,2801,491,70,705,984,1308,951,642,885
SZ,000001,2019-06-12 09:30:42,12.6300,23,1173592.0000,929,S,12.6200,12.6100,12.6000,12.5900,12.5800,12.6300,12.6400,12.6500,12.6600,12.6700,2802,491,75,705,1402,986,993,1308,931,641
SZ,000001,2019-06-12 09:30:45,12.6300,7,45451.0000,36,B,12.6200,12.6100,12.6000,12.5900,12.5800,12.6300,12.6400,12.6500,12.6600,12.6700,3371,491,75,705,1402,977,1023,1308,951,641
SZ,000001,2019-06-12 09:30:48,12.6300,7,108607.0000,86,B,12.6200,12.6100,12.6000,12.5900,12.5800,12.6300,12.6400,12.6500,12.6600,12.6700,3453,491,85,705,1402,942,1023,1303,951,941
SZ,000001,2019-06-12 09:30:51,12.6300,8,175492.0000,139,B,12.6200,12.6100,12.6000,12.5900,12.5800,12.6300,12.6400,12.6500,12.6600,12.6700,3309,491,85,705,1402,879,1023,1303,951,938
SZ,000001,2019-06-12 09:30:54,12.6200,8,541426.0000,429,S,12.6200,12.6100,12.6000,12.5900,12.5800,12.6300,12.6400,12.6500,12.6600,12.6700,3016,491,85,705,1402,1928,951,1286,951,938
SZ,000001,2019-06-12 09:30:57,12.6300,11,151476.0000,120,B,12.6200,12.6100,12.6000,12.5900,12.5800,12.6300,12.6400,12.6500,12.6600,12.6700,3071,491,85,719,1402,1897,951,1286,951,938
SZ,000001,2019-06-12 09:31:00,12.6200,6,113580.0000,90,S,12.6200,12.6100,12.6000,12.5900,12.5800,12.6300,12.6400,12.6500,12.6600,12.6700,3088,345,85,719,1402,1903,936,1276,951,938
SZ,000001,2019-06-12 09:31:03,12.6200,26,1279262.0000,1013,S,12.6200,12.6100,12.6000,12.5900,12.5800,12.6300,12.6400,12.6500,12.6600,12.6700,2901,345,85,610,1402,1058,966,1276,901,875
SZ,000001,2019-06-12 09:31:06,12.6200,25,1798234.0000,1424,S,12.6200,12.6100,12.6000,12.5900,12.5800,12.6400,12.6500,12.6600,12.6700,12.6800,2728,345,85,610,1402,936,1276,901,875,895
SZ,000001,2019-06-12 09:31:09,12.6200,56,4018524.0000,3184,S,12.6100,12.6000,12.5900,12.5800,12.5700,12.6200,12.6300,12.6400,12.6500,12.6600,345,85,610,1402,76,63,100,1091,1276,901
SZ,000001,2019-06-12 09:31:12,12.6200,11,188030.0000,149,B,12.6100,12.6000,12.5900,12.5800,12.5700,12.6200,12.6300,12.6400,12.6500,12.6600,1017,85,611,1402,76,54,100,1091,1276,901
SZ,000001,2019-06-12 09:31:15,12.6200,7,85774.0000,68,B,12.6100,12.6000,12.5900,12.5800,12.5700,12.6200,12.6300,12.6400,12.6500,12.6600,1301,95,611,1402,76,232,100,1091,1276,901
SZ,000001,2019-06-12 09:31:18,12.6200,15,317884.0000,252,B,12.6100,12.6000,12.5900,12.5800,12.5700,12.6200,12.6300,12.6400,12.6500,12.6600,1128,95,611,1402,76,191,125,1091,1276,901
SZ,000001,2019-06-12 09:31:21,12.6100,25,1494294.0000,1185,S,12.6000,12.5900,12.5800,12.5700,12.5600,12.6100,12.6200,12.6300,12.6400,12.6500,95,611,1402,76,501,499,192,258,1096,1266
SZ,000001,2019-06-12 09:31:24,12.6100,17,75658.0000,60,B,12.6000,12.5900,12.5800,12.5700,12.5600,12.6100,12.6200,12.6300,12.6400,12.6500,215,611,1404,76,501,484,195,259,1096,1266
SZ,000001,2019-06-12 09:31:27,12.6200,21,649440.0000,515,B,12.6100,12.6000,12.5900,12.5800,12.5700,12.6200,12.6300,12.6400,12.6500,12.6600,161,263,627,1404,76,170,259,1106,1159,909
SZ,000001,2019-06-12 09:31:30,12.6100,10,93332.0000,74,S,12.6100,12.6000,12.5900,12.5800,12.5700,12.6200,12.6300,12.6400,12.6500,12.6600,207,243,680,1404,76,232,259,1106,1163,909
SZ,000001,2019-06-12 09:31:33,12.6000,28,536008.0000,425,S,12.6000,12.5900,12.5800,12.5700,12.5600,12.6100,12.6200,12.6300,12.6400,12.6500,243,682,1404,76,501,106,169,279,1106,1163
SZ,000001,2019-06-12 09:31:36,12.6100,12,208108.0000,165,B,12.6000,12.5900,12.5800,12.5700,12.5600,12.6100,12.6200,12.6300,12.6400,12.6500,324,696,1404,76,501,2,136,282,1056,1162
SZ,000001,2019-06-12 09:31:39,12.6100,11,103408.0000,82,S,12.6100,12.6000,12.5900,12.5800,12.5700,12.6200,12.6300,12.6400,12.6500,12.6600,80,415,696,1404,76,70,282,1056,1162,889
SZ,000001,2019-06-12 09:31:42,12.6000,25,331520.0000,263,S,12.6000,12.5900,12.5800,12.5700,12.5600,12.6200,12.6300,12.6400,12.6500,12.6600,186,696,1394,76,531,148,292,1024,1162,889
SZ,000001,2019-06-12 09:31:45,12.6100,10,85778.0000,68,B,12.6100,12.6000,12.5900,12.5800,12.5700,12.6200,12.6300,12.6400,12.6500,12.6600,120,599,696,1394,76,119,296,1024,1162,889
SZ,000001,2019-06-12 09:31:48,12.6200,16,124900.0000,99,B,12.6100,12.6000,12.5900,12.5800,12.5700,12.6200,12.6300,12.6400,12.6500,12.6600,120,600,696,1394,96,80,296,1024,1162,889
SZ,000001,2019-06-12 09:31:51,12.6000,23,291326.0000,231,S,12.6000,12.5900,12.5800,12.5700,12.5600,12.6200,12.6300,12.6400,12.6500,12.6600,542,696,1394,96,554,304,303,1022,1162,889
SZ,000001,2019-06-12 09:31:54,12.6000,6,52932.0000,42,S,12.6000,12.5900,12.5800,12.5700,12.5600,12.6100,12.6200,12.6300,12.6400,12.6500,573,696,1394,96,554,1,388,303,1022,1162
SZ,000001,2019-06-12 09:31:57,12.6100,9,35298.0000,28,B,12.6000,12.5900,12.5800,12.5700,12.5600,12.6100,12.6200,12.6300,12.6400,12.6500,604,696,1494,96,564,272,230,303,1022,1211
SZ,000001,2019-06-12 09:32:00,12.6000,3,12600.0000,10,S,12.6000,12.5900,12.5800,12.5700,12.5600,12.6100,12.6200,12.6300,12.6400,12.6500,695,696,1494,99,564,306,310,303,1022,1211
SZ,000001,2019-06-12 09:32:03,12.6100,25,683046.0000,542,B,12.6000,12.5900,12.5800,12.5700,12.5600,12.6100,12.6200,12.6300,12.6400,12.6500,325,696,1494,129,564,191,364,203,1022,1252
SZ,000001,2019-06-12 09:32:06,12.6000,19,258328.0000,205,S,12.6000,12.5900,12.5800,12.5700,12.5600,12.6100,12.6200,12.6300,12.6400,12.6500,249,705,1494,129,564,183,314,198,973,1202
SZ,000001,2019-06-12 09:32:09,12.6000,46,705880.0000,560,S,12.5900,12.5800,12.5700,12.5600,12.5500,12.6000,12.6100,12.6200,12.6300,12.6400,705,1494,129,564,751,46,65,314,198,973
SZ,000001,2019-06-12 09:32:12,12.5900,6,158686.0000,126,S,12.5900,12.5800,12.5700,12.5600,12.5500,12.6000,12.6100,12.6200,12.6300,12.6400,724,1494,129,564,752,75,97,321,203,973
SZ,000001,2019-06-12 09:32:15,12.6000,8,52920.0000,42,B,12.5900,12.5800,12.5700,12.5600,12.5500,12.6000,12.6100,12.6200,12.6300,12.6400,1080,1494,129,554,752,64,147,315,203,973
SZ,000001,2019-06-12 09:32:18,12.6000,21,285830.0000,227,B,12.5900,12.5800,12.5700,12.5600,12.5500,12.6000,12.6100,12.6200,12.6300,12.6400,929,1494,129,557,752,75,147,280,203,973
SZ,000001,2019-06-12 09:32:21,12.5900,31,462202.0000,367,S,12.5900,12.5800,12.5700,12.5600,12.5500,12.6100,12.6200,12.6300,12.6400,12.6500,749,1503,129,557,752,118,280,203,963,1199
SZ,000001,2019-06-12 09:32:24,12.5900,30,250548.0000,199,S,12.5900,12.5800,12.5700,12.5600,12.5500,12.6000,12.6100,12.6200,12.6300,12.6400,557,1503,129,557,752,19,134,280,203,963
SZ,000001,2019-06-12 09:32:27,12.5900,31,575446.0000,457,S,12.5900,12.5800,12.5700,12.5600,12.5500,12.6000,12.6100,12.6200,12.6300,12.6400,272,1503,109,557,752,1002,193,280,203,963
SZ,000001,2019-06-12 09:32:30,12.5800,80,2453208.0000,1950,S,12.5600,12.5500,12.5400,12.5300,12.5200,12.5800,12.5900,12.6000,12.6100,12.6200,557,752,497,315,764,13,244,1134,143,280
SZ,000001,2019-06-12 09:32:33,12.5800,15,187324.0000,149,B,12.5600,12.5500,12.5400,12.5300,12.5200,12.5800,12.5900,12.6000,12.6100,12.6200,712,752,497,315,764,78,227,1184,141,280
SZ,000001,2019-06-12 09:32:36,12.5800,9,50288.0000,40,B,12.5600,12.5500,12.5400,12.5300,12.5200,12.5800,12.5900,12.6000,12.6100,12.6200,707,752,497,315,764,64,626,1184,79,253
SZ,000001,2019-06-12 09:32:39,12.5800,6,51576.0000,41,B,12.5600,12.5500,12.5400,12.5300,12.5200,12.5800,12.5900,12.6000,12.6100,12.6200,741,752,497,315,764,26,696,275,79,253
SZ,000001,2019-06-12 09:32:42,12.5800,8,38964.0000,31,B,12.5700,12.5600,12.5500,12.5400,12.5300,12.5800,12.5900,12.6000,12.6100,12.6200,15,816,752,497,315,167,696,80,79,253
SZ,000001,2019-06-12 09:32:45,12.5700,23,314380.0000,250,S,12.5700,12.5600,12.5500,12.5400,12.5300,12.5800,12.5900,12.6000,12.6100,12.6200,369,846,832,497,315,140,717,85,79,253
SZ,000001,2019-06-12 09:32:48,12.5700,24,319452.0000,254,S,12.5700,12.5600,12.5500,12.5400,12.5300,12.5900,12.6000,12.6100,12.6200,12.6300,376,799,822,497,315,699,85,87,253,207
SZ,000001,2019-06-12 09:32:51,12.5700,20,525408.0000,418,S,12.5600,12.5500,12.5400,12.5300,12.5200,12.5700,12.5800,12.5900,12.6000,12.6100,780,822,497,315,774,50,8,707,90,87
SZ,000001,2019-06-12 09:32:54,12.5900,21,300496.0000,239,B,12.5700,12.5600,12.5500,12.5400,12.5300,12.5900,12.6000,12.6100,12.6200,12.6300,151,833,832,497,315,708,90,87,253,207
SZ,000001,2019-06-12 09:32:57,12.5800,12,104364.0000,83,S,12.5800,12.5700,12.5600,12.5500,12.5400,12.5900,12.6000,12.6100,12.6200,12.6300,2,594,834,842,497,718,525,87,253,207
SZ,000001,2019-06-12 09:33:00,12.5900,8,39020.0000,31,B,12.5800,12.5700,12.5600,12.5500,12.5400,12.5900,12.6000,12.6100,12.6200,12.6300,70,601,851,845,497,733,528,87,255,176
SZ,000001,2019-06-12 09:33:03,12.5800,25,411596.0000,327,S,12.5700,12.5600,12.5500,12.5400,12.5300,12.5900,12.6000,12.6100,12.6200,12.6300,621,855,855,497,315,518,546,90,255,176
SZ,000001,2019-06-12 09:33:06,12.5900,22,169916.0000,135,B,12.5700,12.5600,12.5500,12.5400,12.5300,12.5800,12.5900,12.6000,12.6100,12.6200,709,865,855,497,320,140,435,628,90,255
SZ,000001,2019-06-12 09:33:09,12.5900,43,835832.0000,664,B,12.5800,12.5700,12.5600,12.5500,12.5400,12.5900,12.6000,12.6100,12.6200,12.6300,1006,760,900,865,500,83,786,90,255,196
SZ,000001,2019-06-12 09:33:12,12.5900,11,142220.0000,113,B,12.5800,12.5700,12.5600,12.5500,12.5400,12.5900,12.6000,12.6100,12.6200,12.6300,1214,727,890,865,500,22,792,90,144,196
SZ,000001,2019-06-12 09:33:15,12.6000,28,1088528.0000,864,B,12.5900,12.5800,12.5700,12.5600,12.5500,12.6000,12.6100,12.6200,12.6300,12.6400,76,1932,742,890,865,3,90,144,196,1735
SZ,000001,2019-06-12 09:33:18,12.5900,26,580680.0000,461,S,12.5900,12.5800,12.5700,12.5600,12.5500,12.6200,12.6300,12.6400,12.6500,12.6600,118,1700,759,890,865,144,171,1735,1015,916
SZ,000001,2019-06-12 09:33:21,12.6200,6,62964.0000,50,B,12.5900,12.5800,12.5700,12.5600,12.5500,12.6200,12.6300,12.6400,12.6500,12.6600,294,1697,819,905,873,141,175,1735,1015,916
SZ,000001,2019-06-12 09:33:24,12.6100,4,20152.0000,16,S,12.5900,12.5800,12.5700,12.5600,12.5500,12.6100,12.6200,12.6300,12.6400,12.6500,553,1704,819,917,873,7,143,175,1735,1015
SZ,000001,2019-06-12 09:33:27,12.6400,44,759980.0000,602,B,12.5900,12.5800,12.5700,12.5600,12.5500,12.6400,12.6500,12.6600,12.6700,12.6800,578,1717,819,967,873,1645,1021,916,726,639
SZ,000001,2019-06-12 09:33:30,12.6000,27,435860.0000,346,S,12.6000,12.5900,12.5800,12.5700,12.5600,12.6400,12.6500,12.6600,12.6700,12.6800,34,434,1824,799,1061,1772,1021,916,726,633
SZ,000001,2019-06-12 09:33:33,12.6000,9,95844.0000,76,S,12.6000,12.5900,12.5800,12.5700,12.5600,12.6300,12.6400,12.6500,12.6600,12.6700,92,256,1600,799,1061,31,1751,1015,916,726
SZ,000001,2019-06-12 09:33:36,12.6000,22,371896.0000,295,S,12.6000,12.5900,12.5800,12.5700,12.5600,12.6300,12.6400,12.6500,12.6600,12.6700,10,281,1603,799,1058,44,1630,1015,916,726
SZ,000001,2019-06-12 09:33:39,12.6300,10,29008.0000,23,B,12.6000,12.5900,12.5800,12.5700,12.5600,12.6300,12.6400,12.6500,12.6600,12.6700,76,319,1623,739,1062,95,1630,1015,916,726
SZ,000001,2019-06-12 09:33:42,12.6300,5,11352.0000,9,B,12.6000,12.5900,12.5800,12.5700,12.5600,12.6300,12.6400,12.6500,12.6600,12.6700,118,324,1662,744,1062,111,1630,1015,916,726
SZ,000001,2019-06-12 09:33:45,12.6000,5,26492.0000,21,S,12.6000,12.5900,12.5800,12.5700,12.5600,12.6300,12.6400,12.6500,12.6600,12.6700,688,374,1662,280,1042,76,1615,975,916,726
SZ,000001,2019-06-12 09:33:48,12.6000,13,163984.0000,130,S,12.6000,12.5900,12.5800,12.5700,12.5600,12.6300,12.6400,12.6500,12.6600,12.6700,601,850,1669,280,1037,41,1642,1175,916,726
SZ,000001,2019-06-12 09:33:51,12.6000,5,13888.0000,11,S,12.6000,12.5900,12.5800,12.5700,12.5600,12.6300,12.6400,12.6500,12.6600,12.6700,634,865,1669,280,1033,53,1640,1193,966,726
SZ,000001,2019-06-12 09:33:54,12.6300,26,234684.0000,186,B,12.6000,12.5900,12.5800,12.5700,12.5600,12.6200,12.6400,12.6500,12.6600,12.6700,700,865,1669,280,1033,2,1540,1143,968,726
SZ,000001,2019-06-12 09:33:57,12.6200,15,259608.0000,206,B,12.6000,12.5900,12.5800,12.5700,12.5600,12.6200,12.6300,12.6400,12.6500,12.6600,480,865,1669,280,1093,2,30,1540,1143,968
SZ,000001,2019-06-12 09:34:00,12.6000,14,170344.0000,135,S,12.6000,12.5900,12.5800,12.5700,12.5600,12.6400,12.6500,12.6600,12.6700,12.6800,954,885,1669,280,1077,1534,1139,1168,726,614
SZ,000001,2019-06-12 09:34:03,12.6000,10,127480.0000,101,S,12.6300,12.6000,12.5900,12.5800,12.5700,12.6400,12.6500,12.6600,12.6700,12.6800,260,970,887,1669,280,1525,1159,1168,726,614
SZ,000001,2019-06-12 09:34:06,12.6000,15,486208.0000,385,S,12.6000,12.5900,12.5800,12.5700,12.5600,12.6100,12.6300,12.6400,12.6500,12.6600,1076,917,1669,290,1024,1,97,1494,1159,1168
SZ,000001,2019-06-12 09:34:09,12.6100,9,58040.0000,46,B,12.6100,12.6000,12.5900,12.5800,12.5700,12.6300,12.6400,12.6500,12.6600,12.6700,6,1458,864,1588,260,24,1485,1129,1168,716
SZ,000001,2019-06-12 09:34:12,12.6100,9,74456.0000,59,S,12.6100,12.6000,12.5900,12.5800,12.5700,12.6300,12.6400,12.6500,12.6600,12.6700,151,1387,864,1588,3260,410,1485,1174,1187,716
SZ,000001,2019-06-12 09:34:15,12.6300,9,77008.0000,61,B,12.6100,12.6000,12.5900,12.5800,12.5700,12.6300,12.6400,12.6500,12.6600,12.6700,752,1436,864,1588,3247,417,1483,1174,1197,716
SZ,000001,2019-06-12 09:34:18,12.6200,9,29008.0000,23,S,12.6100,12.6000,12.5900,12.5800,12.5700,12.6200,12.6300,12.6400,12.6500,12.6600,813,1408,864,1660,3247,13,443,1483,1174,1197
SZ,000001,2019-06-12 09:34:21,12.6100,14,133712.0000,106,S,12.6100,12.6000,12.5900,12.5800,12.5700,12.6300,12.6400,12.6500,12.6600,12.6700,757,1421,871,1660,3247,457,1483,1174,1197,716
SZ,000001,2019-06-12 09:34:24,12.6200,7,51772.0000,41,B,12.6200,12.6100,12.6000,12.5900,12.5800,12.6300,12.6400,12.6500,12.6600,12.6700,94,740,1436,869,1664,453,1483,1174,1178,716
SZ,000001,2019-06-12 09:34:27,12.6300,11,222068.0000,176,B,12.6200,12.6100,12.6000,12.5900,12.5800,12.6300,12.6400,12.6500,12.6600,12.6700,119,658,1440,819,1664,447,1503,1215,1178,716
SZ,000001,2019-06-12 09:34:30,12.6300,4,15152.0000,12,B,12.6200,12.6100,12.6000,12.5900,12.5800,12.6300,12.6400,12.6500,12.6600,12.6700,181,649,1445,824,1715,504,1503,1215,1198,716
SZ,000001,2019-06-12 09:34:33,12.6300,11,167908.0000,133,B,12.6200,12.6100,12.6000,12.5900,12.5800,12.6300,12.6400,12.6500,12.6600,12.6700,83,729,1445,824,1715,450,1503,1215,1198,716
SZ,000001,2019-06-12 09:34:36,12.6300,39,801908.0000,635,B,12.6300,12.6200,12.6100,12.6000,12.5900,12.6400,12.6500,12.6600,12.6700,12.6800,105,7,724,1462,824,1503,1225,1198,716,624
SZ,000001,2019-06-12 09:34:39,12.6300,19,466132.0000,369,S,12.6300,12.6100,12.6000,12.5900,12.5800,12.6400,12.6500,12.6600,12.6700,12.6800,28,723,1462,824,1713,1540,1228,1198,716,624
SZ,000001,2019-06-12 09:34:42,12.6300,11,51784.0000,41,S,12.6300,12.6100,12.6000,12.5900,12.5800,12.6400,12.6500,12.6600,12.6700,12.6800,5,723,1462,824,1713,1540,1198,1198,716,624
SZ,000001,2019-06-12 09:34:45,12.6200,17,149036.0000,118,S,12.6300,12.6100,12.6000,12.5900,12.5800,12.6400,12.6500,12.6600,12.6700,12.6800,305,710,1108,824,1713,1522,1208,1198,707,624
SZ,000001,2019-06-12 09:34:48,12.6300,12,308340.0000,244,S,12.6300,12.6200,12.6100,12.6000,12.5900,12.6400,12.6500,12.6600,12.6700,12.6800,979,70,789,1125,824,1364,1238,1198,707,624
SZ,000001,2019-06-12 09:34:51,12.6300,4,90940.0000,72,S,12.6300,12.6200,12.6100,12.6000,12.5900,12.6400,12.6500,12.6600,12.6700,12.6800,938,75,763,1125,824,1339,1241,1198,707,625
SZ,000001,2019-06-12 09:34:54,12.6400,7,20216.0000,16,B,12.6300,12.6200,12.6100,12.6000,12.5900,12.6400,12.6500,12.6600,12.6700,12.6800,961,75,762,1125,824,1307,1262,1198,707,625
SZ,000001,2019-06-12 09:34:57,12.6300,7,99828.0000,79,S,12.6300,12.6200,12.6100,12.6000,12.5900,12.6400,12.6500,12.6600,12.6700,12.6800,918,78,812,1130,827,1265,1262,1198,707,625
SZ,000001,2019-06-12 09:35:00,12.6400,15,258968.0000,205,B,12.6300,12.6200,12.6100,12.6000,12.5900,12.6400,12.6500,12.6600,12.6700,12.6800,847,73,812,1140,827,1216,1262,1198,707,1125
SZ,000001,2019-06-12 09:35:03,12.6300,14,189480.0000,150,S,12.6300,12.6200,12.6100,12.6000,12.5900,12.6400,12.6500,12.6600,12.6700,12.6800,754,73,808,1140,827,1287,1272,1168,707,1125
SZ,000001,2019-06-12 09:35:06,12.6300,39,1060976.0000,840,S,12.6200,12.6100,12.6000,12.5900,12.5800,12.6300,12.6400,12.6500,12.6600,12.6700,126,808,1154,828,1670,88,1340,1272,1163,707
SZ,000001,2019-06-12 09:35:09,12.6100,19,405060.0000,321,S,12.6100,12.6000,12.5900,12.5800,12.5700,12.6200,12.6300,12.6400,12.6500,12.6600,778,1156,828,1674,3223,20,133,1382,1272,1163
SZ,000001,2019-06-12 09:35:12,12.6100,16,393480.0000,312,S,12.6100,12.6000,12.5900,12.5800,12.5700,12.6200,12.6300,12.6400,12.6500,12.6600,525,1196,828,1674,3223,3,96,1373,1272,1163
SZ,000001,2019-06-12 09:35:15,12.6300,17,283784.0000,225,B,12.6200,12.6100,12.6000,12.5900,12.5800,12.6300,12.6400,12.6500,12.6600,12.6700,301,430,1159,828,1674,96,1363,1332,1163,644
SZ,000001,2019-06-12 09:35:18,12.6200,28,669960.0000,531,S,12.6200,12.6100,12.6000,12.5900,12.5800,12.6300,12.6400,12.6500,12.6600,12.6700,199,233,1169,828,1671,86,1363,1332,1163,634
SZ,000001,2019-06-12 09:35:21,12.6100,27,621972.0000,493,S,12.6100,12.6000,12.5900,12.5800,12.5700,12.6200,12.6300,12.6400,12.6500,12.6600,101,1199,903,1671,3228,77,233,1362,1334,1163
SZ,000001,2019-06-12 09:35:24,12.6100,30,827980.0000,657,S,12.6000,12.5900,12.5800,12.5700,12.5600,12.6100,12.6200,12.6300,12.6400,12.6500,715,983,1671,3236,1066,189,8,284,1352,1475
SZ,000001,2019-06-12 09:35:27,12.6000,37,742156.0000,589,S,12.6000,12.5900,12.5800,12.5700,12.5600,12.6100,12.6200,12.6300,12.6400,12.6500,256,982,1671,3236,1066,122,8,335,1352,1475
SZ,000001,2019-06-12 09:35:30,12.6100,27,240660.0000,191,B,12.6000,12.5900,12.5800,12.5700,12.5600,12.6100,12.6200,12.6300,12.6400,12.6500,118,962,1474,3243,1068,137,4,327,1372,1475
SZ,000001,2019-06-12 09:35:33,12.6000,26,302344.0000,240,S,12.5900,12.5800,12.5700,12.5600,12.5500,12.6000,12.6100,12.6200,12.6300,12.6400,905,1474,3238,1068,914,92,142,3,327,1352
SZ,000001,2019-06-12 09:35:36,12.5900,30,268168.0000,213,S,12.5900,12.5800,12.5700,12.5600,12.5500,12.6000,12.6100,12.6200,12.6300,12.6400,740,1474,3238,1068,914,74,168,8,357,1352
SZ,000001,2019-06-12 09:35:39,12.6000,20,333656.0000,265,B,12.5900,12.5800,12.5700,12.5600,12.5500,12.6000,12.6100,12.6200,12.6300,12.6400,624,1474,3238,1068,915,22,516,8,355,1353
SZ,000001,2019-06-12 09:35:42,12.6000,10,137256.0000,109,B,12.6000,12.5900,12.5800,12.5700,12.5600,12.6100,12.6200,12.6300,12.6400,12.6500,6,578,1474,3238,1068,425,8,365,1353,1505
SZ,000001,2019-06-12 09:35:45,12.6000,14,217952.0000,173,S,12.6000,12.5900,12.5800,12.5700,12.5600,12.6100,12.6200,12.6300,12.6400,12.6500,193,499,1456,3238,1068,426,11,355,1353,1505
SZ,000001,2019-06-12 09:35:48,12.6000,11,299876.0000,238,S,12.6000,12.5900,12.5800,12.5700,12.5600,12.6100,12.6200,12.6300,12.6400,12.6500,102,485,1459,3238,1068,433,11,365,1353,1505
SZ,000001,2019-06-12 09:35:51,12.6000,15,299768.0000,238,S,12.6000,12.5900,12.5800,12.5700,12.5600,12.6100,12.6200,12.6300,12.6400,12.6500,5,389,1409,3228,1070,425,11,365,1353,1494
SZ,000001,2019-06-12 09:35:54,12.6000,12,103276.0000,82,S,12.6000,12.5900,12.5800,12.5700,12.5600,12.6100,12.6200,12.6300,12.6400,12.6500,314,352,1409,3228,1081,429,14,365,1235,2505
SZ,000001,2019-06-12 09:35:57,12.6100,21,500328.0000,397,B,12.6000,12.5900,12.5800,12.5700,12.5600,12.6100,12.6200,12.6300,12.6400,12.6500,108,352,1439,3228,1082,323,14,565,1235,2506
SZ,000001,2019-06-12 09:36:00,12.6000,12,189012.0000,150,S,12.5900,12.5800,12.5700,12.5600,12.5500,12.6000,12.6100,12.6200,12.6300,12.6400,559,1449,3228,1082,935,178,326,14,565,1235
SZ,000001,2019-06-12 09:36:03,12.6000,6,284760.0000,226,B,12.6000,12.5900,12.5800,12.5700,12.5600,12.6100,12.6200,12.6300,12.6400,12.6500,66,576,1469,3228,1082,325,19,565,1235,2523
SZ,000001,2019-06-12 09:36:06,12.6000,15,330136.0000,262,S,12.6000,12.5900,12.5800,12.5700,12.5600,12.6100,12.6200,12.6300,12.6400,12.6500,474,1923,1469,3228,1082,313,19,685,1235,2523
SZ,000001,2019-06-12 09:36:09,12.6000,4,41580.0000,33,S,12.6000,12.5900,12.5800,12.5700,12.5600,12.6100,12.6200,12.6300,12.6400,12.6500,480,2148,1473,3233,1082,333,19,548,1235,2523
SZ,000001,2019-06-12 09:36:12,12.6000,8,370444.0000,294,S,12.6000,12.5900,12.5800,12.5700,12.5600,12.6100,12.6200,12.6300,12.6400,12.6500,347,2342,1473,3213,1082,334,19,548,1245,2533
SZ,000001,2019-06-12 09:36:15,12.6000,8,83180.0000,66,S,12.6000,12.5900,12.5800,12.5700,12.5600,12.6100,12.6200,12.6300,12.6400,12.6500,593,2392,1479,3213,1082,315,19,548,1245,2533
SZ,000001,2019-06-12 09:36:18,12.6000,20,424632.0000,337,S,12.6000,12.5900,12.5800,12.5700,12.5600,12.6100,12.6200,12.6300,12.6400,12.6500,275,2392,1479,3213,1082,326,229,548,1295,2523
SZ,000001,2019-06-12 09:36:21,12.6000,8,71816.0000,57,S,12.6000,12.5900,12.5800,12.5700,12.5600,12.6100,12.6200,12.6300,12.6400,12.6500,369,2229,1496,3213,1080,346,229,579,1295,2523
SZ,000001,2019-06-12 09:36:24,12.6000,10,98296.0000,78,S,12.6000,12.5900,12.5800,12.5700,12.5600,12.6100,12.6200,12.6300,12.6400,12.6500,368,2229,1496,3213,1123,362,229,579,1295,2723
SZ,000001,2019-06-12 09:36:27,12.6000,19,274688.0000,218,S,12.6000,12.5900,12.5800,12.5700,12.5600,12.6100,12.6200,12.6300,12.6400,12.6500,244,2229,1636,3223,1123,354,229,601,1295,2723
SZ,000001,2019-06-12 09:36:30,12.6000,11,170104.0000,135,S,12.6000,12.5900,12.5800,12.5700,12.5600,12.6100,12.6200,12.6300,12.6400,12.6500,200,2229,1608,3223,1123,358,229,599,1295,2723
SZ,000001,2019-06-12 09:36:33,12.6000,13,120960.0000,96,S,12.6000,12.5900,12.5800,12.5700,12.5600,12.6100,12.6200,12.6300,12.6400,12.6500,382,2229,1813,3223,1123,358,229,629,1295,2723
SZ,000001,2019-06-12 09:36:36,12.6000,9,64256.0000,51,S,12.6000,12.5900,12.5800,12.5700,12.5600,12.6100,12.6200,12.6300,12.6400,12.6500,364,2229,2035,3233,1123,358,239,613,1295,2728
SZ,000001,2019-06-12 09:36:39,12.5900,26,516600.0000,410,S,12.5900,12.5800,12.5700,12.5600,12.5500,12.6000,12.6100,12.6200,12.6300,12.6400,2178,2035,3233,1123,995,506,357,239,613,1295
SZ,000001,2019-06-12 09:36:42,12.5900,14,146096.0000,116,S,12.5900,12.5800,12.5700,12.5600,12.5500,12.6000,12.6100,12.6200,12.6300,12.6400,2162,2035,3233,1123,1000,544,403,259,616,1295
SZ,000001,2019-06-12 09:36:45,12.6000,8,188944.0000,150,B,12.5900,12.5800,12.5700,12.5600,12.5500,12.6000,12.6100,12.6200,12.6300,12.6400,2580,2070,3243,1123,1000,464,429,259,616,1295
SZ,000001,2019-06-12 09:36:48,12.6000,5,180176.0000,143,B,12.5900,12.5800,12.5700,12.5600,12.5500,12.6000,12.6100,12.6200,12.6300,12.6400,2596,2065,3243,1113,1032,329,429,259,594,1295
SZ,000001,2019-06-12 09:36:51,12.5900,16,531360.0000,422,S,12.5900,12.5800,12.5700,12.5600,12.5500,12.6000,12.6100,12.6200,12.6300,12.6400,2194,2063,3243,1113,1032,306,429,259,589,1295
SZ,000001,2019-06-12 09:36:54,12.5900,7,405416.0000,322,S,12.5900,12.5800,12.5700,12.5600,12.5500,12.6000,12.6100,12.6200,12.6300,12.6400,2016,2063,3253,1070,1024,318,429,259,589,1295
SZ,000001,2019-06-12 09:36:57,12.6000,11,222880.0000,177,B,12.5900,12.5800,12.5700,12.5600,12.5500,12.6000,12.6100,12.6200,12.6300,12.6400,1888,2063,3255,1100,1024,339,429,259,627,1295
SZ,000001,2019-06-12 09:37:00,12.5900,9,227924.0000,181,S,12.5900,12.5800,12.5700,12.5600,12.5500,12.6000,12.6100,12.6200,12.6300,12.6400,1807,2073,3255,1100,1069,314,401,259,601,1295
SZ,000001,2019-06-12 09:37:03,12.5900,13,419312.0000,333,S,12.5900,12.5800,12.5700,12.5600,12.5500,12.6000,12.6100,12.6200,12.6300,12.6400,1580,1509,3307,1090,1069,251,401,259,604,1295
SZ,000001,2019-06-12 09:37:06,12.5900,8,100728.0000,80,S,12.5900,12.5800,12.5700,12.5600,12.5500,12.6000,12.6100,12.6200,12.6300,12.6400,1562,1509,3307,1090,1089,857,401,259,604,1295
SZ,000001,2019-06-12 09:37:09,12.6000,10,238004.0000,189,B,12.5900,12.5800,12.5700,12.5600,12.5500,12.6000,12.6100,12.6200,12.6300,12.6400,1423,1509,3307,1105,1099,865,420,259,604,1295
SZ,000001,2019-06-12 09:37:12,12.5900,16,457048.0000,363,S,12.5900,12.5800,12.5700,12.5600,12.5500,12.6000,12.6100,12.6200,12.6300,12.6400,1094,1529,3307,1105,1112,857,420,259,624,1295
SZ,000001,2019-06-12 09:37:15,12.5900,18,336200.0000,267,S,12.5900,12.5800,12.5700,12.5600,12.5500,12.6000,12.6100,12.6200,12.6300,12.6400,1298,1538,3307,1105,1112,834,420,259,624,1295
SZ,000001,2019-06-12 09:37:18,12.5900,13,251856.0000,200,S,12.5900,12.5800,12.5700,12.5600,12.5500,12.6000,12.6100,12.6200,12.6300,12.6400,1165,1658,3307,1105,1112,809,427,259,624,1295
SZ,000001,2019-06-12 09:37:21,12.5900,9,85648.0000,68,S,12.5900,12.5800,12.5700,12.5600,12.5500,12.6000,12.6100,12.6200,12.6300,12.6400,1172,1658,3307,1106,1112,835,427,337,621,1295
SZ,000001,2019-06-12 09:37:24,12.5900,15,343768.0000,273,S,12.5900,12.5800,12.5700,12.5600,12.5500,12.6000,12.6100,12.6200,12.6300,12.6400,1012,1658,3317,1106,1112,785,427,337,621,1195
SZ,000001,2019-06-12 09:37:27,12.5900,18,381476.0000,303,S,12.5900,12.5800,12.5700,12.5600,12.5500,12.6000,12.6100,12.6200,12.6300,12.6400,833,1668,3317,1106,1112,835,427,347,621,1195
SZ,000001,2019-06-12 09:37:30,12.5900,16,491012.0000,390,S,12.5900,12.5800,12.5700,12.5600,12.5500,12.6000,12.6100,12.6200,12.6300,12.6400,530,1668,3317,1206,1112,862,427,347,621,1195
SZ,000001,2019-06-12 09:37:33,12.6000,5,56672.0000,45,B,12.5900,12.5800,12.5700,12.5600,12.5500,12.6000,12.6100,12.6200,12.6300,12.6400,535,1668,3317,1206,1112,862,427,339,621,1195
SZ,000001,2019-06-12 09:37:36,12.6000,15,303496.0000,241,B,12.5900,12.5800,12.5700,12.5600,12.5500,12.6000,12.6100,12.6200,12.6300,12.6400,363,1711,3319,1204,1112,807,427,339,621,1195
SZ,000001,2019-06-12 09:37:39,12.5900,9,52896.0000,42,S,12.5900,12.5800,12.5700,12.5600,12.5500,12.6000,12.6100,12.6200,12.6300,12.6400,495,1711,3349,1210,1112,791,407,339,621,1195
SZ,000001,2019-06-12 09:37:42,12.5800,33,812208.0000,645,S,12.5800,12.5700,12.5600,12.5500,12.5400,12.5900,12.6000,12.6100,12.6200,12.6300,1689,3349,1432,1112,539,222,812,407,339,947
SZ,000001,2019-06-12 09:37:45,12.5900,9,84352.0000,67,B,12.5800,12.5700,12.5600,12.5500,12.5400,12.5900,12.6000,12.6100,12.6200,12.6300,2100,3349,1432,1112,539,231,886,407,339,947
SZ,000001,2019-06-12 09:37:48,12.5800,29,1289452.0000,1025,S,12.5800,12.5700,12.5600,12.5500,12.5400,12.5900,12.6000,12.6100,12.6200,12.6300,1119,3349,1432,1110,539,456,1196,406,339,947
SZ,000001,2019-06-12 09:37:51,12.5800,25,1527212.0000,1214,S,12.5700,12.5600,12.5500,12.5400,12.5300,12.5800,12.5900,12.6000,12.6100,12.6200,3351,1432,1110,539,902,583,557,1192,406,339
SZ,000001,2019-06-12 09:37:54,12.5700,20,440040.0000,350,S,12.5700,12.5600,12.5500,12.5400,12.5300,12.5800,12.5900,12.6000,12.6100,12.6200,3105,1432,1110,761,902,737,643,1201,384,339
SZ,000001,2019-06-12 09:37:57,12.5700,13,521696.0000,415,S,12.5700,12.5600,12.5500,12.5400,12.5300,12.5800,12.5900,12.6000,12.6100,12.6200,2872,1432,1110,761,902,726,659,1145,384,339
SZ,000001,2019-06-12 09:38:00,12.5800,7,350720.0000,279,B,12.5700,12.5600,12.5500,12.5400,12.5300,12.5800,12.5900,12.6000,12.6100,12.6200,2667,1432,1114,761,902,713,689,1145,384,339
SZ,000001,2019-06-12 09:38:03,12.5700,11,163456.0000,130,S,12.5700,12.5600,12.5500,12.5400,12.5300,12.5800,12.5900,12.6000,12.6100,12.6200,2790,1432,1124,762,902,691,689,1175,384,344
SZ,000001,2019-06-12 09:38:06,12.5800,10,187360.0000,149,B,12.5700,12.5600,12.5500,12.5400,12.5300,12.5800,12.5900,12.6000,12.6100,12.6200,2822,1432,1124,921,902,1423,689,1166,384,353
SZ,000001,2019-06-12 09:38:09,12.5800,8,182336.0000,145,B,12.5700,12.5600,12.5500,12.5400,12.5300,12.5800,12.5900,12.6000,12.6100,12.6200,2761,1402,1129,921,902,1370,789,1272,384,353
SZ,000001,2019-06-12 09:38:12,12.5700,13,564488.0000,449,S,12.5700,12.5600,12.5500,12.5400,12.5300,12.5800,12.5900,12.6000,12.6100,12.6200,2382,1624,1129,921,902,1276,923,1272,384,353
SZ,000001,2019-06-12 09:38:15,12.5700,5,182272.0000,145,S,12.5700,12.5600,12.5500,12.5400,12.5300,12.5800,12.5900,12.6000,12.6100,12.6200,2328,1624,1129,921,902,1267,907,969,384,353
SZ,000001,2019-06-12 09:38:18,12.5800,18,257880.0000,205,B,12.5700,12.5600,12.5500,12.5400,12.5300,12.5800,12.5900,12.6000,12.6100,12.6200,2350,1624,1169,921,902,1177,907,980,384,371
SZ,000001,2019-06-12 09:38:21,12.5800,8,937784.0000,746,B,12.5700,12.5600,12.5500,12.5400,12.5300,12.5800,12.5900,12.6000,12.6100,12.6200,1686,1619,1169,921,902,1138,893,943,384,369
SZ,000001,2019-06-12 09:38:24,12.5800,11,333152.0000,265,B,12.5700,12.5600,12.5500,12.5400,12.5300,12.5800,12.5900,12.6000,12.6100,12.6200,1577,1622,1177,921,902,1084,893,968,384,369
SZ,000001,2019-06-12 09:38:27,12.5800,20,394864.0000,314,B,12.5700,12.5600,12.5500,12.5400,12.5300,12.5800,12.5900,12.6000,12.6100,12.6200,1466,1622,1177,921,946,928,893,962,384,369
SZ,000001,2019-06-12 09:38:30,12.5700,12,236360.0000,188,S,12.5700,12.5600,12.5500,12.5400,12.5300,12.5800,12.5900,12.6000,12.6100,12.6200,1310,1634,1204,921,976,916,893,963,384,369
SZ,000001,2019-06-12 09:38:33,12.5800,31,955344.0000,760,B,12.5700,12.5600,12.5500,12.5400,12.5300,12.5800,12.5900,12.6000,12.6100,12.6200,647,1634,1204,921,976,898,893,1013,416,369
SZ,000001,2019-06-12 09:38:36,12.5800,7,226328.0000,180,B,12.5700,12.5600,12.5500,12.5400,12.5300,12.5800,12.5900,12.6000,12.6100,12.6200,560,1614,1244,921,976,828,899,1023,416,369
SZ,000001,2019-06-12 09:38:39,12.5800,8,220120.0000,175,B,12.5700,12.5600,12.5500,12.5400,12.5300,12.5800,12.5900,12.6000,12.6100,12.6200,577,1756,1263,921,976,839,899,1023,416,370
SZ,000001,2019-06-12 09:38:42,12.5800,12,683088.0000,543,B,12.5700,12.5600,12.5500,12.5400,12.5300,12.5800,12.5900,12.6000,12.6100,12.6200,642,1559,1596,936,780,354,785,1025,416,367
SZ,000001,2019-06-12 09:38:45,12.5700,35,702696.0000,559,S,12.5700,12.5600,12.5500,12.5400,12.5300,12.5800,12.5900,12.6000,12.6100,12.6200,203,1727,1606,936,840,323,785,1025,416,367
SZ,000001,2019-06-12 09:38:48,12.5800,32,501944.0000,399,B,12.5800,12.5700,12.5600,12.5500,12.5400,12.5900,12.6000,12.6100,12.6200,12.6300,156,287,1734,1611,936,763,1025,416,367,1417
SZ,000001,2019-06-12 09:38:51,12.5800,17,667184.0000,530,S,12.5800,12.5700,12.5600,12.5500,12.5400,12.5900,12.6000,12.6100,12.6200,12.6300,111,321,1734,1611,936,320,1025,396,367,1417
SZ,000001,2019-06-12 09:38:54,12.5800,21,513560.0000,408,S,12.5800,12.5700,12.5600,12.5500,12.5400,12.5900,12.6000,12.6100,12.6200,12.6300,202,810,1759,1611,936,39,1023,396,367,1417
SZ,000001,2019-06-12 09:38:57,12.5900,9,89392.0000,71,B,12.5900,12.5800,12.5700,12.5600,12.5500,12.6000,12.6100,12.6200,12.6300,12.6400,108,544,1499,1779,1613,1017,396,367,1447,1295
SZ,000001,2019-06-12 09:39:00,12.6000,9,56664.0000,45,B,12.5900,12.5800,12.5700,12.5600,12.5500,12.6000,12.6100,12.6200,12.6300,12.6400,66,516,1541,1780,1613,1010,396,367,1447,1295
SZ,000001,2019-06-12 09:39:03,12.5900,9,69280.0000,55,S,12.5900,12.5800,12.5700,12.5600,12.5500,12.6000,12.6100,12.6200,12.6300,12.6400,74,528,1551,1780,1713,974,396,367,1447,1295
SZ,000001,2019-06-12 09:39:06,12.5800,25,291808.0000,232,S,12.5800,12.5700,12.5600,12.5500,12.5400,12.5900,12.6000,12.6100,12.6200,12.6300,445,1611,1780,1713,936,2,990,396,367,1447
SZ,000001,2019-06-12 09:39:09,12.5800,15,280592.0000,223,S,12.5800,12.5700,12.5600,12.5500,12.5400,12.5900,12.6000,12.6100,12.6200,12.6300,495,1482,1762,1713,936,25,1017,396,379,1427
SZ,000001,2019-06-12 09:39:12,12.5800,4,128320.0000,102,S,12.5800,12.5700,12.5600,12.5500,12.5400,12.5900,12.6000,12.6100,12.6200,12.6300,405,1537,1762,1713,936,36,1070,396,379,1427
SZ,000001,2019-06-12 09:39:15,12.6000,26,646280.0000,513,B,12.5800,12.5700,12.5600,12.5500,12.5400,12.6000,12.6100,12.6200,12.6300,12.6400,449,1783,1762,1705,936,610,396,379,1427,1292
SZ,000001,2019-06-12 09:39:18,12.5900,34,680664.0000,541,S,12.5900,12.5800,12.5700,12.5600,12.5500,12.6000,12.6100,12.6200,12.6300,12.6400,7,120,1838,1762,1705,684,394,379,1426,1292
SZ,000001,2019-06-12 09:39:21,12.6000,10,51632.0000,41,B,12.5900,12.5800,12.5700,12.5600,12.5500,12.6000,12.6100,12.6200,12.6300,12.6400,31,107,1841,1772,1705,672,394,379,1430,1292
SZ,000001,2019-06-12 09:39:24,12.5800,21,256840.0000,204,S,12.5700,12.5600,12.5500,12.5400,12.5300,12.5800,12.5900,12.6000,12.6100,12.6200,1852,1772,1705,936,841,192,14,678,394,379
SZ,000001,2019-06-12 09:39:27,12.5800,18,295496.0000,235,B,12.5700,12.5600,12.5500,12.5400,12.5300,12.5800,12.5900,12.6000,12.6100,12.6200,1867,1787,1705,936,841,13,20,743,394,380
SZ,000001,2019-06-12 09:39:30,12.5900,10,104488.0000,83,B,12.5900,12.5800,12.5700,12.5600,12.5500,12.6000,12.6100,12.6200,12.6300,12.6400,32,45,1853,1787,1705,733,394,380,1420,1292
SZ,000001,2019-06-12 09:39:33,12.5900,6,39048.0000,31,S,12.5900,12.5800,12.5700,12.5600,12.5500,12.6000,12.6100,12.6200,12.6300,12.6400,82,45,1860,1851,1705,712,394,382,1420,1292
SZ,000001,2019-06-12 09:39:36,12.5900,23,193960.0000,154,S,12.5800,12.5700,12.5600,12.5500,12.5400,12.5900,12.6000,12.6100,12.6200,12.6300,91,1860,1851,1726,936,36,710,394,382,1420
SZ,000001,2019-06-12 09:39:39,12.5900,7,94376.0000,75,B,12.5800,12.5700,12.5600,12.5500,12.5400,12.5900,12.6000,12.6100,12.6200,12.6300,300,1860,1901,1730,936,77,723,394,382,1420
SZ,000001,2019-06-12 09:39:45,12.5800,12,388720.0000,309,S,12.5800,12.5700,12.5600,12.5500,12.5400,12.5900,12.6000,12.6100,12.6200,12.6300,33,1837,1913,1731,936,139,738,396,382,1420
SZ,000001,2019-06-12 09:39:48,12.5900,13,84344.0000,67,B,12.5800,12.5700,12.5600,12.5500,12.5400,12.5900,12.6000,12.6100,12.6200,12.6300,222,1848,1962,1732,936,321,746,448,382,1420
SZ,000001,2019-06-12 09:39:51,12.5800,4,20128.0000,16,S,12.5800,12.5700,12.5600,12.5500,12.5400,12.5900,12.6000,12.6100,12.6200,12.6300,255,1835,1962,1732,936,320,758,448,382,1920
SZ,000001,2019-06-12 09:39:54,12.5800,9,60408.0000,48,S,12.5800,12.5700,12.5600,12.5500,12.5400,12.5900,12.6000,12.6100,12.6200,12.6300,333,1801,1962,1732,927,311,767,448,390,1920
SZ,000001,2019-06-12 09:39:57,12.5900,14,124640.0000,99,B,12.5800,12.5700,12.5600,12.5500,12.5400,12.5900,12.6000,12.6100,12.6200,12.6300,533,1801,1963,1730,927,240,926,448,390,1920
SZ,000001,2019-06-12 09:40:00,12.5800,8,66704.0000,53,S,12.5800,12.5700,12.5600,12.5500,12.5400,12.5900,12.6000,12.6100,12.6200,12.6300,505,1810,1963,1730,927,239,925,448,390,1920
SZ,000001,2019-06-12 09:40:03,12.5900,6,99392.0000,79,B,12.5800,12.5700,12.5600,12.5500,12.5400,12.5900,12.6000,12.6100,12.6200,12.6300,450,1810,1963,1830,947,282,925,448,390,1920
SZ,000001,2019-06-12 09:40:06,12.5900,7,50328.0000,40,B,12.5800,12.5700,12.5600,12.5500,12.5400,12.5900,12.6000,12.6100,12.6200,12.6300,417,1821,1963,1830,947,295,825,448,390,1920
SZ,000001,2019-06-12 09:40:09,12.5900,5,59176.0000,47,B,12.5800,12.5700,12.5600,12.5500,12.5400,12.5900,12.6000,12.6100,12.6200,12.6300,446,1821,1963,1832,947,263,875,893,390,1920
SZ,000001,2019-06-12 09:40:12,12.5800,13,113248.0000,90,S,12.5800,12.5700,12.5600,12.5500,12.5400,12.5900,12.6000,12.6100,12.6200,12.6300,401,1821,1963,1832,974,481,875,873,394,1920
SZ,000001,2019-06-12 09:40:15,12.5800,8,55352.0000,44,S,12.5800,12.5700,12.5600,12.5500,12.5400,12.5900,12.6000,12.6100,12.6200,12.6300,542,1822,1963,1832,974,485,925,883,394,1920
SZ,000001,2019-06-12 09:40:18,12.5900,9,188704.0000,150,B,12.5800,12.5700,12.5600,12.5500,12.5400,12.5900,12.6000,12.6100,12.6200,12.6300,396,1822,1965,1815,984,504,925,933,394,1920
SZ,000001,2019-06-12 09:40:21,12.5900,13,200112.0000,159,B,12.5800,12.5700,12.5600,12.5500,12.5400,12.5900,12.6000,12.6100,12.6200,12.6300,361,1827,1955,1815,984,428,925,933,444,1920
SZ,000001,2019-06-12 09:40:24,12.5800,63,941984.0000,749,S,12.5800,12.5700,12.5600,12.5500,12.5400,12.5900,12.6000,12.6100,12.6200,12.6300,142,1540,1969,1817,984,421,960,1009,444,1775
SZ,000001,2019-06-12 09:40:27,12.5800,6,147184.0000,117,S,12.5800,12.5700,12.5600,12.5500,12.5400,12.5900,12.6000,12.6100,12.6200,12.6300,130,1540,1969,1817,984,424,960,1009,444,1775
SZ,000001,2019-06-12 09:40:30,12.5800,14,240280.0000,191,S,12.5800,12.5700,12.5600,12.5500,12.5400,12.5900,12.6000,12.6100,12.6200,12.6300,413,1590,1970,1817,984,448,960,1009,444,1775
SZ,000001,2019-06-12 09:40:33,12.5800,11,88080.0000,70,S,12.5800,12.5700,12.5600,12.5500,12.5400,12.5900,12.6000,12.6100,12.6200,12.6300,451,1600,1920,1827,987,427,968,1009,444,1775
SZ,000001,2019-06-12 09:40:36,12.5800,9,323408.0000,257,S,12.5800,12.5700,12.5600,12.5500,12.5400,12.5900,12.6000,12.6100,12.6200,12.6300,435,1600,1940,1827,990,325,970,1009,444,1775
SZ,000001,2019-06-12 09:40:39,12.5800,4,52848.0000,42,S,12.5800,12.5700,12.5600,12.5500,12.5400,12.5900,12.6000,12.6100,12.6200,12.6300,462,1600,1940,1827,990,323,970,1009,444,1775
SZ,000001,2019-06-12 09:40:42,12.5900,9,156032.0000,124,B,12.5800,12.5700,12.5600,12.5500,12.5400,12.5900,12.6000,12.6100,12.6200,12.6300,455,1600,1970,1827,990,287,970,999,444,1775
SZ,000001,2019-06-12 09:40:45,12.5900,1,26440.0000,21,B,12.5800,12.5700,12.5600,12.5500,12.5400,12.5900,12.6000,12.6100,12.6200,12.6300,454,1610,1980,1827,990,257,990,999,444,1775
SZ,000001,2019-06-12 09:40:48,12.5800,10,132136.0000,105,S,12.5800,12.5700,12.5600,12.5500,12.5400,12.5900,12.6000,12.6100,12.6200,12.6300,458,1610,1980,1817,990,236,990,999,444,1775
SZ,000001,2019-06-12 09:40:51,12.5800,3,11320.0000,9,S,12.5800,12.5700,12.5600,12.5500,12.5400,12.5900,12.6000,12.6100,12.6200,12.6300,557,1610,1980,1817,990,237,990,934,444,1275
SZ,000001,2019-06-12 09:40:54,12.5900,31,445576.0000,354,B,12.5900,12.5800,12.5700,12.5600,12.5500,12.6000,12.6100,12.6200,12.6300,12.6400,526,432,1610,1989,1817,1080,944,444,1275,1308
SZ,000001,2019-06-12 09:40:57,12.5900,8,147304.0000,117,S,12.5900,12.5800,12.5700,12.5600,12.5500,12.6000,12.6100,12.6200,12.6300,12.6400,521,394,1610,1989,1812,1080,944,444,1275,1308
SZ,000001,2019-06-12 09:41:00,12.5900,4,39048.0000,31,S,12.5900,12.5800,12.5700,12.5600,12.5500,12.6000,12.6100,12.6200,12.6300,12.6400,538,394,1626,1989,1828,1069,944,444,1275,1308
SZ,000001,2019-06-12 09:41:03,12.5900,4,49104.0000,39,S,12.5900,12.5800,12.5700,12.5600,12.5500,12.6000,12.6100,12.6200,12.6300,12.6400,518,394,1639,1989,1828,1072,944,444,1275,1308
SZ,000001,2019-06-12 09:41:06,12.5900,8,54160.0000,43,S,12.5900,12.5800,12.5700,12.5600,12.5500,12.6000,12.6100,12.6200,12.6300,12.6400,519,423,1639,1989,1828,1059,944,444,1275,1298
SZ,000001,2019-06-12 09:41:09,12.5900,18,703792.0000,559,S,12.5800,12.5700,12.5600,12.5500,12.5400,12.5900,12.6000,12.6100,12.6200,12.6300,455,1639,1989,1828,3002,59,1122,944,444,1275
SZ,000001,2019-06-12 09:41:12,12.5800,7,106976.0000,85,S,12.5800,12.5700,12.5600,12.5500,12.5400,12.5900,12.6000,12.6100,12.6200,12.6300,550,1639,1990,1828,3002,12,1122,944,446,1275
SZ,000001,2019-06-12 09:41:15,12.5900,15,70472.0000,56,B,12.5800,12.5700,12.5600,12.5500,12.5400,12.5900,12.6000,12.6100,12.6200,12.6300,525,1638,2010,1827,3002,158,1077,944,446,1275
SZ,000001,2019-06-12 09:41:18,12.5900,2,12592.0000,10,B,12.5800,12.5700,12.5600,12.5500,12.5400,12.5900,12.6000,12.6100,12.6200,12.6300,540,1648,2010,1827,3002,164,1063,944,448,1245
SZ,000001,2019-06-12 09:41:21,12.5800,1,16352.0000,13,S,12.5800,12.5700,12.5600,12.5500,12.5400,12.5900,12.6000,12.6100,12.6200,12.6300,542,1648,2009,1826,3002,165,973,944,548,1245
SZ,000001,2019-06-12 09:41:24,12.5900,16,218912.0000,174,B,12.5800,12.5700,12.5600,12.5500,12.5400,12.5900,12.6000,12.6100,12.6200,12.6300,437,1648,1989,1826,3002,176,963,944,548,1245
SZ,000001,2019-06-12 09:41:27,12.5900,14,143488.0000,114,B,12.5800,12.5700,12.5600,12.5500,12.5400,12.5900,12.6000,12.6100,12.6200,12.6300,918,1637,1989,1826,3002,112,963,944,528,1245
SZ,000001,2019-06-12 09:41:30,12.5800,12,105704.0000,84,S,12.5800,12.5700,12.5600,12.5500,12.5400,12.5900,12.6000,12.6100,12.6200,12.6300,931,1637,1989,1776,3002,97,963,944,523,1245
SZ,000001,2019-06-12 09:41:33,12.5900,10,119576.0000,95,B,12.5800,12.5700,12.5600,12.5500,12.5400,12.5900,12.6000,12.6100,12.6200,12.6300,1019,1645,1991,1776,3002,54,993,944,523,1245
SZ,000001,2019-06-12 09:41:36,12.5900,8,44048.0000,35,B,12.5800,12.5700,12.5600,12.5500,12.5400,12.5900,12.6000,12.6100,12.6200,12.6300,1175,1655,1991,1783,3002,40,993,944,523,1245
SZ,000001,2019-06-12 09:41:39,12.5900,22,198960.0000,158,B,12.5900,12.5800,12.5700,12.5600,12.5500,12.6000,12.6100,12.6200,12.6300,12.6400,1025,1132,1615,1991,1783,963,944,523,1245,1268
SZ,000001,2019-06-12 09:41:42,12.6000,1,10080.0000,8,B,12.5900,12.5800,12.5700,12.5600,12.5500,12.6000,12.6100,12.6200,12.6300,12.6400,1106,1427,1615,2091,1783,988,954,523,1245,1268
SZ,000001,2019-06-12 09:41:45,12.5900,4,54136.0000,43,S,12.5900,12.5800,12.5700,12.5600,12.5500,12.6000,12.6100,12.6200,12.6300,12.6400,1106,1427,1605,2087,1683,995,954,523,1245,1268
SZ,000001,2019-06-12 09:41:48,12.6000,9,74336.0000,59,B,12.5900,12.5800,12.5700,12.5600,12.5500,12.6000,12.6100,12.6200,12.6300,12.6400,1149,1432,1605,2087,1686,973,954,538,1245,1268
SZ,000001,2019-06-12 09:41:51,12.5900,6,49120.0000,39,S,12.5900,12.5800,12.5700,12.5600,12.5500,12.6000,12.6100,12.6200,12.6300,12.6400,1227,1442,1605,2090,1694,977,954,538,1245,1268
SZ,000001,2019-06-12 09:41:54,12.6000,6,68032.0000,54,B,12.5900,12.5800,12.5700,12.5600,12.5500,12.6000,12.6100,12.6200,12.6300,12.6400,1264,1498,1605,2090,1694,927,954,538,1245,1268
SZ,000001,2019-06-12 09:41:57,12.5900,9,99512.0000,79,S,12.5900,12.5800,12.5700,12.5600,12.5500,12.6000,12.6100,12.6200,12.6300,12.6400,1404,1438,1612,2085,1694,868,954,538,1245,1268
SZ,000001,2019-06-12 09:42:00,12.6000,11,59208.0000,47,B,12.5900,12.5800,12.5700,12.5600,12.5500,12.6000,12.6100,12.6200,12.6300,12.6400,1418,1448,1622,2085,1694,826,954,590,1255,1268
SZ,000001,2019-06-12 09:42:03,12.5900,8,152448.0000,121,S,12.5900,12.5800,12.5700,12.5600,12.5500,12.6000,12.6100,12.6200,12.6300,12.6400,1457,1471,1622,2085,1704,714,954,590,1255,1268
SZ,000001,2019-06-12 09:42:06,12.5900,14,172608.0000,137,S,12.5900,12.5800,12.5700,12.5600,12.5500,12.6000,12.6100,12.6200,12.6300,12.6400,1468,1471,1622,2065,1734,588,902,590,1255,1268
SZ,000001,2019-06-12 09:42:09,12.6000,6,52904.0000,42,B,12.5900,12.5800,12.5700,12.5600,12.5500,12.6000,12.6100,12.6200,12.6300,12.6400,1655,1451,1622,2075,1744,572,902,590,1255,1268
SZ,000001,2019-06-12 09:42:12,12.6000,5,50400.0000,40,B,12.5900,12.5800,12.5700,12.5600,12.5500,12.6000,12.6100,12.6200,12.6300,12.6400,1808,1449,1622,2096,1744,536,902,590,1255,1268
SZ,000001,2019-06-12 09:42:15,12.6000,11,211600.0000,168,B,12.5900,12.5800,12.5700,12.5600,12.5500,12.6000,12.6100,12.6200,12.6300,12.6400,1641,1398,1612,2096,1744,441,902,590,1258,1268
SZ,000001,2019-06-12 09:42:18,12.5900,19,482472.0000,383,S,12.5900,12.5800,12.5700,12.5600,12.5500,12.6000,12.6100,12.6200,12.6300,12.6400,1575,1404,1612,2209,1784,164,902,600,1258,1268
SZ,000001,2019-06-12 09:42:21,12.5900,35,295304.0000,234,S,12.5900,12.5800,12.5700,12.5600,12.5500,12.6100,12.6200,12.6300,12.6400,12.6500,1427,1414,1612,2209,1784,902,599,1258,1268,2551
SZ,000001,2019-06-12 09:42:24,12.6100,4,30224.0000,24,B,12.5900,12.5800,12.5700,12.5600,12.5500,12.6000,12.6100,12.6200,12.6300,12.6400,1504,1414,1612,2209,1784,50,911,599,1258,1268
SZ,000001,2019-06-12 09:42:27,12.5900,4,27704.0000,22,S,12.5900,12.5800,12.5700,12.5600,12.5500,12.6000,12.6100,12.6200,12.6300,12.6400,1956,1416,1612,2209,1784,52,911,599,1258,1268
SZ,000001,2019-06-12 09:42:30,12.6000,7,71800.0000,57,B,12.5900,12.5800,12.5700,12.5600,12.5500,12.6000,12.6100,12.6200,12.6300,12.6400,2056,1406,1612,2209,1784,37,912,599,1258,1260
SZ,000001,2019-06-12 09:42:33,12.6100,11,83152.0000,66,B,12.6000,12.5900,12.5800,12.5700,12.5600,12.6100,12.6200,12.6300,12.6400,12.6500,10,2047,1419,1612,2209,899,599,1258,1260,2541
SZ,000001,2019-06-12 09:42:36,12.6000,6,22688.0000,18,S,12.6000,12.5900,12.5800,12.5700,12.5600,12.6100,12.6200,12.6300,12.6400,12.6500,84,2021,1419,1602,2210,895,599,1258,1260,2541
SZ,000001,2019-06-12 09:42:39,12.6000,3,11336.0000,9,S,12.6000,12.5900,12.5800,12.5700,12.5600,12.6100,12.6200,12.6300,12.6400,12.6500,150,2041,1419,1602,2210,895,601,1258,1260,2541
SZ,000001,2019-06-12 09:42:42,12.6100,7,150048.0000,119,B,12.6000,12.5900,12.5800,12.5700,12.5600,12.6100,12.6200,12.6300,12.6400,12.6500,176,2032,1434,1602,2209,788,793,1258,1260,2541
SZ,000001,2019-06-12 09:42:45,12.6000,6,44128.0000,35,S,12.6000,12.5900,12.5800,12.5700,12.5600,12.6100,12.6200,12.6300,12.6400,12.6500,255,2039,1464,1602,2209,780,793,1275,1258,2561
SZ,000001,2019-06-12 09:42:48,12.6000,6,59232.0000,47,S,12.6000,12.5900,12.5800,12.5700,12.5600,12.6100,12.6200,12.6300,12.6400,12.6500,252,2060,1473,1602,2109,770,813,1275,1258,2561
SZ,000001,2019-06-12 09:42:51,12.6000,3,6600.0000,6,S,12.6000,12.5900,12.5800,12.5700,12.5600,12.6100,12.6200,12.6300,12.6400,12.6500,289,2134,1463,1602,2109,793,813,1275,1258,2511
SZ,000001,2019-06-12 09:42:54,12.6100,11,69328.0000,55,B,12.6000,12.5900,12.5800,12.5700,12.5600,12.6100,12.6200,12.6300,12.6400,12.6500,296,2145,1463,1602,2099,766,813,1275,1278,2511
SZ,000001,2019-06-12 09:42:57,12.6100,4,26472.0000,21,B,12.6000,12.5900,12.5800,12.5700,12.5600,12.6100,12.6200,12.6300,12.6400,12.6500,405,2245,1463,1612,2099,798,813,1275,1278,2651
SZ,000001,2019-06-12 09:43:00,12.6000,9,129784.0000,103,S,12.6000,12.5900,12.5800,12.5700,12.5600,12.6100,12.6200,12.6300,12.6400,12.6500,351,2237,1453,1612,2099,788,813,949,1278,2651
SZ,000001,2019-06-12 09:43:03,12.6100,20,122264.0000,97,B,12.6000,12.5900,12.5800,12.5700,12.5600,12.6100,12.6200,12.6300,12.6400,12.6500,554,1990,1457,1612,1947,761,813,949,1278,2651
SZ,000001,2019-06-12 09:43:06,12.6100,17,102112.0000,81,B,12.6000,12.5900,12.5800,12.5700,12.5600,12.6100,12.6200,12.6300,12.6400,12.6500,573,1990,1357,1612,1952,692,813,949,1278,2651
SZ,000001,2019-06-12 09:43:09,12.6100,23,143888.0000,114,B,12.6000,12.5900,12.5800,12.5700,12.5600,12.6100,12.6200,12.6300,12.6400,12.6500,530,1982,1333,1612,1952,1022,761,949,1278,2641
SZ,000001,2019-06-12 09:43:12,12.6100,16,163840.0000,130,B,12.6000,12.5900,12.5800,12.5700,12.5600,12.6100,12.6200,12.6300,12.6400,12.6500,410,1982,1336,1618,1952,982,761,949,1278,2641
SZ,000001,2019-06-12 09:43:15,12.6000,15,171360.0000,136,S,12.6000,12.5900,12.5800,12.5700,12.5600,12.6100,12.6200,12.6300,12.6400,12.6500,435,1980,1336,1628,1952,976,761,949,1278,2641
SZ,000001,2019-06-12 09:43:18,12.6000,15,110912.0000,88,S,12.6000,12.5900,12.5800,12.5700,12.5600,12.6100,12.6200,12.6300,12.6400,12.6500,379,1980,1336,1628,1952,945,761,949,1278,2634
SZ,000001,2019-06-12 09:43:21,12.6000,22,415824.0000,330,S,12.6000,12.5900,12.5800,12.5700,12.5600,12.6100,12.6200,12.6300,12.6400,12.6500,160,1980,1346,1628,1962,954,761,949,1278,2634
SZ,000001,2019-06-12 09:43:24,12.6000,22,336376.0000,267,S,12.6000,12.5900,12.5800,12.5700,12.5600,12.6100,12.6200,12.6300,12.6400,12.6500,195,1936,1346,1628,2062,1061,761,1027,1288,2634
SZ,000001,2019-06-12 09:43:27,12.6000,56,1895088.0000,1505,S,12.5900,12.5800,12.5700,12.5600,12.5500,12.6000,12.6100,12.6200,12.6300,12.6400,743,1381,1646,2062,1915,253,966,761,1027,1288
SZ,000001,2019-06-12 09:43:30,12.6000,16,564096.0000,448,B,12.5900,12.5800,12.5700,12.5600,12.5500,12.6000,12.6100,12.6200,12.6300,12.6400,482,1391,1646,2066,1920,259,966,761,1027,1288
SZ,000001,2019-06-12 09:43:33,12.5900,8,128440.0000,102,S,12.5900,12.5800,12.5700,12.5600,12.5500,12.6000,12.6100,12.6200,12.6300,12.6400,482,1381,1646,2066,1920,293,966,761,1027,1288
SZ,000001,2019-06-12 09:43:36,12.5900,25,387768.0000,308,S,12.5900,12.5800,12.5700,12.5600,12.5500,12.6000,12.6100,12.6200,12.6300,12.6400,185,1381,1646,3066,1930,492,988,761,1027,1288
SZ,000001,2019-06-12 09:43:39,12.6000,40,557592.0000,443,B,12.5900,12.5800,12.5700,12.5600,12.5500,12.6000,12.6100,12.6200,12.6300,12.6400,42,1221,1646,3066,1930,640,1023,761,1027,1288
SZ,000001,2019-06-12 09:43:42,12.6000,64,1821856.0000,1448,B,12.5700,12.5600,12.5500,12.5400,12.5300,12.6000,12.6100,12.6200,12.6300,12.6400,1646,3066,1940,3012,996,644,1023,761,1027,1288
SZ,000001,2019-06-12 09:43:45,12.5700,10,305776.0000,243,S,12.5700,12.5600,12.5500,12.5400,12.5300,12.5900,12.6000,12.6100,12.6200,12.6300,1670,3066,1940,3012,996,50,563,1023,761,1027
SZ,000001,2019-06-12 09:43:48,12.5700,4,198608.0000,158,S,12.5700,12.5600,12.5500,12.5400,12.5300,12.5900,12.6000,12.6100,12.6200,12.6300,1512,3066,1940,3012,996,99,560,1021,561,1027
SZ,000001,2019-06-12 09:43:51,12.5800,11,213768.0000,170,B,12.5800,12.5700,12.5600,12.5500,12.5400,12.5900,12.6000,12.6100,12.6200,12.6300,7,1470,3066,1940,3012,117,560,1021,561,1027
SZ,000001,2019-06-12 09:43:54,12.5800,11,214968.0000,171,S,12.5700,12.5600,12.5500,12.5400,12.5300,12.5900,12.6000,12.6100,12.6200,12.6300,1322,3066,1940,3012,996,117,563,840,541,1027
SZ,000001,2019-06-12 09:43:57,12.5900,6,150880.0000,120,B,12.5700,12.5600,12.5500,12.5400,12.5300,12.5800,12.5900,12.6000,12.6100,12.6200,1289,3066,1940,3012,996,12,150,556,840,541
SZ,000001,2019-06-12 09:44:00,12.5700,11,496536.0000,395,S,12.5800,12.5700,12.5600,12.5500,12.5400,12.5900,12.6000,12.6100,12.6200,12.6300,19,834,3066,1945,3012,151,559,840,541,1032
SZ,000001,2019-06-12 09:44:03,12.5800,44,872624.0000,694,S,12.5700,12.5600,12.5500,12.5400,12.5300,12.5800,12.5900,12.6000,12.6100,12.6200,218,3066,1950,3012,996,90,152,552,841,541
SZ,000001,2019-06-12 09:44:06,12.5600,31,481368.0000,383,S,12.5600,12.5500,12.5400,12.5300,12.5200,12.5800,12.5900,12.6000,12.6100,12.6200,2980,1950,3012,996,1191,483,152,562,868,541
SZ,000001,2019-06-12 09:44:09,12.5700,25,708560.0000,564,B,12.5700,12.5600,12.5500,12.5400,12.5300,12.5800,12.5900,12.6000,12.6100,12.6200,51,2606,1950,3012,923,488,151,548,868,541
SZ,000001,2019-06-12 09:44:12,12.5700,44,836712.0000,666,S,12.5700,12.5600,12.5500,12.5400,12.5300,12.5800,12.5900,12.6000,12.6100,12.6200,34,2159,1950,3012,923,539,187,567,868,544
SZ,000001,2019-06-12 09:44:15,12.5600,54,3002088.0000,2390,S,12.5500,12.5400,12.5300,12.5200,12.5100,12.5600,12.5700,12.5800,12.5900,12.6000,1935,3012,923,1192,2729,1521,129,543,187,567
SZ,000001,2019-06-12 09:44:18,12.5600,54,1129608.0000,900,B,12.5500,12.5400,12.5300,12.5200,12.5100,12.5600,12.5700,12.5800,12.5900,12.6000,1319,3002,923,1192,2729,1595,152,557,185,587
SZ,000001,2019-06-12 09:44:21,12.5500,60,1415760.0000,1128,S,12.5500,12.5400,12.5300,12.5200,12.5100,12.5600,12.5700,12.5800,12.5900,12.6000,365,3198,923,1192,2729,1547,38,550,152,554
SZ,000001,2019-06-12 09:44:24,12.5600,31,853256.0000,680,B,12.5500,12.5400,12.5300,12.5200,12.5100,12.5600,12.5700,12.5800,12.5900,12.6000,94,2975,923,1192,2729,1465,44,152,152,554
SZ,000001,2019-06-12 09:44:27,12.5500,27,795288.0000,634,S,12.5400,12.5300,12.5200,12.5100,12.5000,12.5500,12.5600,12.5700,12.5800,12.5900,2584,923,1192,2729,4290,87,1495,44,152,123
SZ,000001,2019-06-12 09:44:30,12.5400,25,995712.0000,794,S,12.5400,12.5300,12.5200,12.5100,12.5000,12.5500,12.5600,12.5700,12.5800,12.5900,1882,923,1192,2733,4290,108,1493,44,152,98
SZ,000001,2019-06-12 09:44:33,12.5500,20,2118048.0000,1689,B,12.5400,12.5300,12.5200,12.5100,12.5000,12.5500,12.5600,12.5700,12.5800,12.5900,300,923,1192,2733,4290,79,1493,44,152,98
SZ,000001,2019-06-12 09:44:36,12.5400,13,219480.0000,175,S,12.5400,12.5300,12.5200,12.5100,12.5000,12.5500,12.5600,12.5700,12.5800,12.5900,331,923,1202,2738,4290,100,1423,41,140,98
SZ,000001,2019-06-12 09:44:39,12.5400,43,1406328.0000,1122,S,12.5300,12.5200,12.5100,12.5000,12.4900,12.5400,12.5500,12.5600,12.5700,12.5800,254,1202,2838,4292,513,99,162,1423,34,140
SZ,000001,2019-06-12 09:44:42,12.5300,19,315768.0000,252,S,12.5300,12.5200,12.5100,12.5000,12.4900,12.5400,12.5500,12.5600,12.5700,12.5800,105,1202,2838,4308,516,110,160,1423,29,140
SZ,000001,2019-06-12 09:44:45,12.5300,8,43880.0000,35,S,12.5300,12.5200,12.5100,12.5000,12.4900,12.5400,12.5500,12.5600,12.5700,12.5800,223,1202,2826,4288,516,136,156,1423,27,90
SZ,000001,2019-06-12 09:44:48,12.5500,28,396424.0000,316,B,12.5500,12.5400,12.5300,12.5200,12.5100,12.5600,12.5700,12.5800,12.5900,12.6000,49,134,318,1230,2836,1423,27,90,103,3382
SZ,000001,2019-06-12 09:44:51,12.5400,13,136752.0000,109,S,12.5400,12.5300,12.5200,12.5100,12.5000,12.5500,12.5600,12.5700,12.5800,12.5900,97,431,1222,2836,4570,212,1413,627,91,105
SZ,000001,2019-06-12 09:44:54,12.5500,7,97840.0000,78,B,12.5400,12.5300,12.5200,12.5100,12.5000,12.5500,12.5600,12.5700,12.5800,12.5900,122,415,1330,2839,4573,219,1413,617,91,105
SZ,000001,2019-06-12 09:44:57,12.5400,30,500560.0000,399,S,12.5400,12.5300,12.5200,12.5100,12.5000,12.5600,12.5700,12.5800,12.5900,12.6000,16,888,1339,2839,4570,1413,617,91,105,3182
SZ,000001,2019-06-12 09:45:00,12.5400,13,100328.0000,80,S,12.5300,12.5200,12.5100,12.5000,12.4900,12.5400,12.5600,12.5700,12.5800,12.5900,948,1340,2859,4556,516,231,1416,647,91,105
SZ,000001,2019-06-12 09:45:03,12.5400,21,986896.0000,787,B,12.5400,12.5300,12.5200,12.5100,12.5000,12.5500,12.5600,12.5700,12.5800,12.5900,225,1131,1662,2859,4572,51,1416,647,91,105
SZ,000001,2019-06-12 09:45:06,12.5400,19,176960.0000,141,S,12.5400,12.5300,12.5200,12.5100,12.5000,12.5500,12.5600,12.5700,12.5800,12.5900,326,1167,1725,2859,4550,10,1293,648,91,105
SZ,000001,2019-06-12 09:45:09,12.5400,11,111616.0000,89,S,12.5400,12.5300,12.5200,12.5100,12.5000,12.5500,12.5600,12.5700,12.5800,12.5900,418,1586,1745,3016,4565,179,1293,648,91,125
SZ,000001,2019-06-12 09:45:12,12.5400,5,75248.0000,60,S,12.5400,12.5300,12.5200,12.5100,12.5000,12.5500,12.5600,12.5700,12.5800,12.5900,1014,1605,1755,3016,4581,172,1293,654,91,125
SZ,000001,2019-06-12 09:45:15,12.5500,10,288608.0000,230,B,12.5500,12.5400,12.5300,12.5200,12.5100,12.5600,12.5700,12.5800,12.5900,12.6000,159,1037,1615,1805,3024,1293,654,91,125,3114
SZ,000001,2019-06-12 09:45:18,12.5500,4,125504.0000,100,S,12.5500,12.5400,12.5300,12.5200,12.5100,12.5600,12.5700,12.5800,12.5900,12.6000,504,1005,1651,1805,3024,1292,654,91,125,3188
SZ,000001,2019-06-12 09:45:21,12.5500,23,438024.0000,349,S,12.5500,12.5400,12.5300,12.5200,12.5100,12.5600,12.5700,12.5800,12.5900,12.6000,221,1023,1655,1905,3081,1263,654,69,123,3189
SZ,000001,2019-06-12 09:45:24,12.5600,5,43936.0000,35,B,12.5500,12.5400,12.5300,12.5200,12.5100,12.5600,12.5700,12.5800,12.5900,12.6000,378,1138,1655,1905,3071,1264,654,69,123,3189
SZ,000001,2019-06-12 09:45:27,12.5500,5,81616.0000,65,S,12.5500,12.5400,12.5300,12.5200,12.5100,12.5600,12.5700,12.5800,12.5900,12.6000,459,1333,1735,1895,3121,1221,654,69,123,3189
SZ,000001,2019-06-12 09:45:30,12.5500,32,523376.0000,417,S,12.5500,12.5400,12.5300,12.5200,12.5100,12.5600,12.5700,12.5800,12.5900,12.6000,209,1333,1735,1898,3126,1179,654,71,123,3189
SZ,000001,2019-06-12 09:45:33,12.5500,22,465616.0000,371,S,12.5400,12.5300,12.5200,12.5100,12.5000,12.5500,12.5600,12.5700,12.5800,12.5900,1467,1795,1924,3131,4693,38,1174,654,76,156
SZ,000001,2019-06-12 09:45:36,12.5500,10,124240.0000,99,B,12.5500,12.5400,12.5300,12.5200,12.5100,12.5600,12.5700,12.5800,12.5900,12.6000,172,3160,1810,1924,3131,1174,654,76,186,3217
SZ,000001,2019-06-12 09:45:39,12.5500,25,421712.0000,336,S,12.5500,12.5400,12.5300,12.5200,12.5100,12.5600,12.5700,12.5800,12.5900,12.6000,164,3252,1810,1924,3132,1147,653,76,206,3199
SZ,000001,2019-06-12 09:45:42,12.5500,16,526064.0000,419,S,12.5500,12.5400,12.5300,12.5200,12.5100,12.5600,12.5700,12.5800,12.5900,12.6000,301,3257,1829,1925,3152,928,647,76,306,3215
SZ,000001,2019-06-12 09:45:45,12.5500,15,242232.0000,193,S,12.5500,12.5400,12.5300,12.5200,12.5100,12.5600,12.5700,12.5800,12.5900,12.6000,975,3252,1838,1925,3279,908,647,76,306,3229
SZ,000001,2019-06-12 09:45:48,12.5500,7,129312.0000,103,S,12.5500,12.5400,12.5300,12.5200,12.5100,12.5600,12.5700,12.5800,12.5900,12.6000,1371,3275,1738,1925,3279,890,647,96,306,3229
SZ,000001,2019-06-12 09:45:51,12.5500,14,282408.0000,225,S,12.5500,12.5400,12.5300,12.5200,12.5100,12.5600,12.5700,12.5800,12.5900,12.6000,1307,3285,1738,1945,3279,857,647,96,306,3229
SZ,000001,2019-06-12 09:45:54,12.5500,31,1235640.0000,984,S,12.5500,12.5400,12.5300,12.5200,12.5100,12.5700,12.5800,12.5900,12.6000,12.6100,1451,3295,1728,1951,3279,642,96,306,3229,821
SZ,000001,2019-06-12 09:45:57,12.5700,11,144448.0000,115,B,12.5600,12.5500,12.5400,12.5300,12.5200,12.5700,12.5800,12.5900,12.6000,12.6100,99,1530,3383,1758,1961,636,106,306,3229,821
SZ,000001,2019-06-12 09:46:00,12.5600,8,270208.0000,215,S,12.5600,12.5500,12.5400,12.5300,12.5200,12.5700,12.5800,12.5900,12.6000,12.6100,496,2255,3383,1734,1961,477,306,306,3229,821
SZ,000001,2019-06-12 09:46:03,12.5700,17,278856.0000,222,B,12.5600,12.5500,12.5400,12.5300,12.5200,12.5700,12.5800,12.5900,12.6000,12.6100,447,2440,3333,1689,1981,447,306,306,3229,821
SZ,000001,2019-06-12 09:46:06,12.5700,4,292872.0000,233,B,12.5600,12.5500,12.5400,12.5300,12.5200,12.5700,12.5800,12.5900,12.6000,12.6100,551,2464,3295,1689,2079,233,296,273,3267,821
SZ,000001,2019-06-12 09:46:09,12.5600,7,232512.0000,185,S,12.5600,12.5500,12.5400,12.5300,12.5200,12.5700,12.5800,12.5900,12.6000,12.6100,665,2523,3395,1688,2079,77,496,273,3267,821
SZ,000001,2019-06-12 09:46:12,12.5700,15,203688.0000,162,B,12.5700,12.5600,12.5500,12.5400,12.5300,12.5800,12.5900,12.6000,12.6100,12.6200,24,707,2526,3395,1685,448,273,3283,821,451
SZ,000001,2019-06-12 09:46:15,12.5600,25,549064.0000,437,S,12.5700,12.5600,12.5500,12.5400,12.5300,12.5800,12.5900,12.6000,12.6100,12.6200,15,371,2522,3395,1685,424,335,3283,821,451
SZ,000001,2019-06-12 09:46:18,12.5600,11,138264.0000,110,S,12.5600,12.5500,12.5400,12.5300,12.5200,12.5800,12.5900,12.6000,12.6100,12.6200,479,2556,3395,1685,2092,424,335,3285,821,451
SZ,000001,2019-06-12 09:46:21,12.5600,23,859320.0000,684,S,12.5600,12.5500,12.5400,12.5300,12.5200,12.5700,12.5800,12.5900,12.6000,12.6100,166,2604,3346,1685,2092,83,445,320,3227,821
SZ,000001,2019-06-12 09:46:24,12.5700,15,154584.0000,123,B,12.5700,12.5600,12.5500,12.5400,12.5300,12.5800,12.5900,12.6000,12.6100,12.6200,9,269,2625,3351,1695,445,334,3248,821,451
SZ,000001,2019-06-12 09:46:27,12.5700,6,47776.0000,38,S,12.5700,12.5600,12.5500,12.5400,12.5300,12.5800,12.5900,12.6000,12.6100,12.6200,177,195,2630,3351,1738,535,334,3233,821,451
SZ,000001,2019-06-12 09:46:30,12.5700,5,17608.0000,14,S,12.5700,12.5600,12.5500,12.5400,12.5300,12.5800,12.5900,12.6000,12.6100,12.6200,226,286,2676,3361,1738,586,344,3323,821,451
SZ,000001,2019-06-12 09:46:33,12.5600,20,357008.0000,284,S,12.5600,12.5500,12.5400,12.5300,12.5200,12.5700,12.5800,12.5900,12.6000,12.6100,303,2708,3411,1738,2104,167,556,344,3323,821
SZ,000001,2019-06-12 09:46:36,12.5700,12,252664.0000,201,B,12.5600,12.5500,12.5400,12.5300,12.5200,12.5700,12.5800,12.5900,12.6000,12.6100,364,2728,3411,1758,2254,8,543,344,3303,821
SZ,000001,2019-06-12 09:46:39,12.5600,6,61552.0000,49,S,12.5600,12.5500,12.5400,12.5300,12.5200,12.5700,12.5800,12.5900,12.6000,12.6100,403,2720,3411,1771,2254,397,543,344,3320,802
SZ,000001,2019-06-12 09:46:42,12.5600,19,321536.0000,256,S,12.5600,12.5500,12.5400,12.5300,12.5200,12.5700,12.5800,12.5900,12.6000,12.6100,177,2730,3411,1781,2254,443,543,355,3320,802
SZ,000001,2019-06-12 09:46:45,12.5600,8,33936.0000,27,S,12.5600,12.5500,12.5400,12.5300,12.5200,12.5700,12.5800,12.5900,12.6000,12.6100,199,2708,3411,1790,2254,444,543,355,3320,802
SZ,000001,2019-06-12 09:46:48,12.5600,19,437272.0000,348,S,12.5600,12.5500,12.5400,12.5300,12.5200,12.5700,12.5800,12.5900,12.6000,12.6100,500,2708,3411,1801,2254,268,543,355,3320,802
SZ,000001,2019-06-12 09:46:51,12.5600,11,340376.0000,271,S,12.5600,12.5500,12.5400,12.5300,12.5200,12.5700,12.5800,12.5900,12.6000,12.6100,847,2708,3411,1801,2254,275,543,355,3330,802
SZ,000001,2019-06-12 09:46:54,12.5600,6,129368.0000,103,S,12.5600,12.5500,12.5400,12.5300,12.5200,12.5700,12.5800,12.5900,12.6000,12.6100,767,2701,3411,1801,2303,822,543,505,3367,802
SZ,000001,2019-06-12 09:46:57,12.5700,8,155848.0000,124,B,12.5600,12.5500,12.5400,12.5300,12.5200,12.5700,12.5800,12.5900,12.6000,12.6100,891,2717,3411,1801,2303,748,543,503,3331,802
SZ,000001,2019-06-12 09:47:00,12.5600,5,22616.0000,18,S,12.5600,12.5500,12.5400,12.5300,12.5200,12.5700,12.5800,12.5900,12.6000,12.6100,894,2753,3411,1811,2303,806,543,511,3331,802
SZ,000001,2019-06-12 09:47:03,12.5600,12,303952.0000,242,S,12.5600,12.5500,12.5400,12.5300,12.5200,12.5700,12.5800,12.5900,12.6000,12.6100,661,2132,3410,1811,2303,791,519,511,3332,827
SZ,000001,2019-06-12 09:47:06,12.5700,9,110544.0000,88,B,12.5600,12.5500,12.5400,12.5300,12.5200,12.5700,12.5800,12.5900,12.6000,12.6100,683,2147,3410,1811,2303,909,432,511,3335,827
SZ,000001,2019-06-12 09:47:09,12.5600,17,498712.0000,397,S,12.5600,12.5500,12.5400,12.5300,12.5200,12.5700,12.5800,12.5900,12.6000,12.6100,724,2137,3440,1761,2303,843,432,511,3345,827
SZ,000001,2019-06-12 09:47:12,12.5700,3,46472.0000,37,B,12.5600,12.5500,12.5400,12.5300,12.5200,12.5700,12.5800,12.5900,12.6000,12.6100,708,2123,3440,1766,2303,850,432,511,3345,827
SZ,000001,2019-06-12 09:47:15,12.5700,9,143200.0000,114,B,12.5600,12.5500,12.5400,12.5300,12.5200,12.5700,12.5800,12.5900,12.6000,12.6100,639,2143,3440,1866,2303,706,432,519,3345,837
SZ,000001,2019-06-12 09:47:18,12.5600,18,630832.0000,502,S,12.5600,12.5500,12.5400,12.5300,12.5200,12.5700,12.5800,12.5900,12.6000,12.6100,501,2143,3410,1866,2306,385,432,526,3345,837
SZ,000001,2019-06-12 09:47:21,12.5600,12,110552.0000,88,S,12.5600,12.5500,12.5400,12.5300,12.5200,12.5700,12.5800,12.5900,12.6000,12.6100,600,2167,3410,1875,2306,382,553,526,3345,447
SZ,000001,2019-06-12 09:47:24,12.5700,5,469920.0000,374,B,12.5600,12.5500,12.5400,12.5300,12.5200,12.5700,12.5800,12.5900,12.6000,12.6100,472,2173,3410,1875,2315,221,558,526,3345,447
SZ,000001,2019-06-12 09:47:27,12.5600,24,629296.0000,501,S,12.5600,12.5500,12.5400,12.5300,12.5200,12.5700,12.5800,12.5900,12.6000,12.6100,7,2173,3410,1875,2315,311,558,526,3354,447
SZ,000001,2019-06-12 09:47:30,12.5700,19,189680.0000,151,B,12.5600,12.5500,12.5400,12.5300,12.5200,12.5700,12.5800,12.5900,12.6000,12.6100,105,2143,3407,1883,2315,301,558,846,3334,447
SZ,000001,2019-06-12 09:47:33,12.5600,11,209760.0000,167,S,12.5500,12.5400,12.5300,12.5200,12.5100,12.5600,12.5700,12.5800,12.5900,12.6000,2143,3424,1883,2395,3358,54,297,558,846,3334
SZ,000001,2019-06-12 09:47:36,12.5600,7,134392.0000,107,B,12.5600,12.5500,12.5400,12.5300,12.5200,12.5700,12.5800,12.5900,12.6000,12.6100,216,2202,3424,1898,2395,307,537,846,3334,447
SZ,000001,2019-06-12 09:47:39,12.5600,6,239896.0000,191,S,12.5600,12.5500,12.5400,12.5300,12.5200,12.5700,12.5800,12.5900,12.6000,12.6100,144,2470,3289,1768,2395,473,537,846,3334,443
SZ,000001,2019-06-12 09:47:42,12.5600,7,42728.0000,34,S,12.5600,12.5500,12.5400,12.5300,12.5200,12.5700,12.5800,12.5900,12.6000,12.6100,187,2465,3289,1768,2395,456,537,898,3327,443
SZ,000001,2019-06-12 09:47:45,12.5600,17,256224.0000,204,S,12.5500,12.5400,12.5300,12.5200,12.5100,12.5600,12.5700,12.5800,12.5900,12.6000,2495,3279,1768,2395,3378,26,473,537,877,3331
SZ,000001,2019-06-12 09:47:48,12.5700,9,445912.0000,355,B,12.5600,12.5500,12.5400,12.5300,12.5200,12.5700,12.5800,12.5900,12.6000,12.6100,205,2499,3279,1773,2395,447,557,1177,3331,443
SZ,000001,2019-06-12 09:47:51,12.5700,7,357984.0000,285,B,12.5600,12.5500,12.5400,12.5300,12.5200,12.5700,12.5800,12.5900,12.6000,12.6100,52,2526,3279,1773,2395,422,406,1177,3332,443
SZ,000001,2019-06-12 09:47:54,12.5600,16,115568.0000,92,S,12.5500,12.5400,12.5300,12.5200,12.5100,12.5600,12.5700,12.5800,12.5900,12.6000,2526,3279,1773,2395,3383,196,403,206,1177,3333
SZ,000001,2019-06-12 09:47:57,12.5600,6,153224.0000,122,B,12.5500,12.5400,12.5300,12.5200,12.5100,12.5600,12.5700,12.5800,12.5900,12.6000,2500,3279,1773,2081,3383,242,408,206,1210,3344
SZ,000001,2019-06-12 09:48:00,12.5600,9,77872.0000,62,B,12.5500,12.5400,12.5300,12.5200,12.5100,12.5600,12.5700,12.5800,12.5900,12.6000,2528,1734,1788,2081,3383,200,418,206,1200,3344
SZ,000001,2019-06-12 09:48:03,12.5600,24,719384.0000,573,B,12.5500,12.5400,12.5300,12.5200,12.5100,12.5600,12.5700,12.5800,12.5900,12.6000,2174,1734,1758,2081,3383,94,428,208,1200,3344
SZ,000001,2019-06-12 09:48:06,12.5700,11,162040.0000,129,B,12.5600,12.5500,12.5400,12.5300,12.5200,12.5700,12.5800,12.5900,12.6000,12.6100,70,2204,1734,1758,2081,401,213,1200,3344,443
SZ,000001,2019-06-12 09:48:09,12.5600,9,144424.0000,115,S,12.5600,12.5500,12.5400,12.5300,12.5200,12.5700,12.5800,12.5900,12.6000,12.6100,48,2166,1734,1758,2081,394,213,1200,3344,443
SZ,000001,2019-06-12 09:48:12,12.5500,15,197280.0000,157,S,12.5500,12.5400,12.5300,12.5200,12.5100,12.5600,12.5700,12.5800,12.5900,12.6000,2185,1534,1768,2081,3383,530,328,210,1200,3349
SZ,000001,2019-06-12 09:48:15,12.5600,9,136904.0000,109,B,12.5500,12.5400,12.5300,12.5200,12.5100,12.5600,12.5700,12.5800,12.5900,12.6000,2145,1524,1809,2081,3383,435,328,210,1235,3349
SZ,000001,2019-06-12 09:48:18,12.5600,6,571480.0000,455,B,12.5600,12.5500,12.5400,12.5300,12.5200,12.5700,12.5800,12.5900,12.6000,12.6100,878,2173,1524,1811,2081,307,219,1235,3349,443
SZ,000001,2019-06-12 09:48:21,12.5700,4,1071624.0000,853,B,12.5600,12.5500,12.5400,12.5300,12.5200,12.5700,12.5800,12.5900,12.6000,12.6100,129,2134,1524,1811,2081,281,219,1235,3347,443
SZ,000001,2019-06-12 09:48:24,12.5600,24,341648.0000,272,S,12.5600,12.5500,12.5400,12.5300,12.5200,12.5700,12.5800,12.5900,12.6000,12.6100,96,2148,1524,1811,2081,264,219,1235,3347,443
SZ,000001,2019-06-12 09:48:27,12.5600,13,129408.0000,103,S,12.5600,12.5500,12.5400,12.5300,12.5200,12.5700,12.5800,12.5900,12.6000,12.6100,257,2163,1554,1811,2086,220,119,1235,3347,443
SZ,000001,2019-06-12 09:48:30,12.5700,7,43960.0000,35,B,12.5600,12.5500,12.5400,12.5300,12.5200,12.5700,12.5800,12.5900,12.6000,12.6100,322,2226,1604,1811,2616,250,119,1235,3351,443
SZ,000001,2019-06-12 09:48:33,12.5700,11,336640.0000,268,B,12.5600,12.5500,12.5400,12.5300,12.5200,12.5700,12.5800,12.5900,12.6000,12.6100,1774,2227,1603,1811,2616,235,119,1235,3837,443
SZ,000001,2019-06-12 09:48:36,12.5600,8,46496.0000,37,S,12.5600,12.5500,12.5400,12.5300,12.5200,12.5700,12.5800,12.5900,12.6000,12.6100,1857,2209,1603,1811,2616,245,119,1235,3837,443
SZ,000001,2019-06-12 09:48:39,12.5700,19,174688.0000,139,B,12.5600,12.5500,12.5400,12.5300,12.5200,12.5700,12.5800,12.5900,12.6000,12.6100,1841,2209,1608,1811,2616,141,119,1235,3837,443
SZ,000001,2019-06-12 09:48:42,12.5600,16,84216.0000,67,S,12.5600,12.5500,12.5400,12.5300,12.5200,12.5700,12.5800,12.5900,12.6000,12.6100,1803,2045,1608,1811,2616,250,99,1235,3837,444
SZ,000001,2019-06-12 09:48:45,12.5700,13,488648.0000,389,B,12.5600,12.5500,12.5400,12.5300,12.5200,12.5700,12.5800,12.5900,12.6000,12.6100,1532,2065,1608,1811,2619,186,99,1192,3837,444
SZ,000001,2019-06-12 09:48:48,12.5600,13,158368.0000,126,S,12.5600,12.5500,12.5400,12.5300,12.5200,12.5700,12.5800,12.5900,12.6000,12.6100,1581,2065,1608,1811,2619,103,109,1192,3837,444
SZ,000001,2019-06-12 09:48:51,12.5700,4,22608.0000,18,B,12.5600,12.5500,12.5400,12.5300,12.5200,12.5700,12.5800,12.5900,12.6000,12.6100,1579,2055,1608,1811,2619,198,135,1212,3837,444
SZ,000001,2019-06-12 09:48:54,12.5600,10,345456.0000,275,S,12.5600,12.5500,12.5400,12.5300,12.5200,12.5700,12.5800,12.5900,12.6000,12.6100,1395,1963,1610,1811,2619,179,135,1212,3825,444
SZ,000001,2019-06-12 09:48:57,12.5700,19,201072.0000,160,B,12.5600,12.5500,12.5400,12.5300,12.5200,12.5700,12.5800,12.5900,12.6000,12.6100,1377,1966,1620,1813,2619,69,135,1212,3825,444
SZ,000001,2019-06-12 09:49:00,12.5600,10,108080.0000,86,S,12.5600,12.5500,12.5400,12.5300,12.5200,12.5700,12.5800,12.5900,12.6000,12.6100,1378,1969,1620,1813,2619,20,137,1212,3825,444
SZ,000001,2019-06-12 09:49:03,12.5600,13,405760.0000,323,S,12.5600,12.5500,12.5400,12.5300,12.5200,12.5800,12.5900,12.6000,12.6100,12.6200,1075,1939,1620,1813,2619,107,1212,3825,444,484
SZ,000001,2019-06-12 09:49:06,12.5600,5,71648.0000,57,S,12.5600,12.5500,12.5400,12.5300,12.5200,12.5800,12.5900,12.6000,12.6100,12.6200,1118,2069,1620,1813,2619,97,1212,3830,444,484
SZ,000001,2019-06-12 09:49:09,12.5800,7,59072.0000,47,B,12.5600,12.5500,12.5400,12.5300,12.5200,12.5800,12.5900,12.6000,12.6100,12.6200,1098,2089,1620,1713,2619,116,1212,3830,444,484
SZ,000001,2019-06-12 09:49:12,12.5600,22,179840.0000,143,S,12.5600,12.5500,12.5400,12.5300,12.5200,12.5800,12.5900,12.6000,12.6100,12.6200,1429,2071,1620,1713,2619,5,1161,3830,444,484
SZ,000001,2019-06-12 09:49:15,12.5600,8,55376.0000,44,S,12.5600,12.5500,12.5400,12.5300,12.5200,12.5900,12.6000,12.6100,12.6200,12.6300,1464,2058,1620,1713,2619,1127,3830,444,484,1008
SZ,000001,2019-06-12 09:49:18,12.5900,7,350496.0000,279,B,12.5600,12.5500,12.5400,12.5300,12.5200,12.5800,12.5900,12.6000,12.6100,12.6200,1195,2118,1630,1713,2619,4,1115,3792,444,484
SZ,000001,2019-06-12 09:49:21,12.5900,15,398336.0000,317,B,12.5600,12.5500,12.5400,12.5300,12.5200,12.5900,12.6000,12.6100,12.6200,12.6300,958,2120,1635,1713,2619,1073,3788,444,481,1028
SZ,000001,2019-06-12 09:49:24,12.5600,9,316624.0000,252,S,12.5600,12.5500,12.5400,12.5300,12.5200,12.5900,12.6000,12.6100,12.6200,12.6300,734,2184,1625,1713,2619,1036,3788,444,481,1028
SZ,000001,2019-06-12 09:49:27,12.5600,8,61552.0000,49,S,12.5600,12.5500,12.5400,12.5300,12.5200,12.5800,12.5900,12.6000,12.6100,12.6200,713,2182,1625,1713,2619,19,1026,3788,444,481
SZ,000001,2019-06-12 09:49:30,12.5600,19,184720.0000,147,S,12.5700,12.5600,12.5500,12.5400,12.5300,12.5900,12.6000,12.6100,12.6200,12.6300,3,597,2182,1625,1713,1054,3787,444,481,1028
SZ,000001,2019-06-12 09:49:33,12.5600,23,475328.0000,378,S,12.5600,12.5500,12.5400,12.5300,12.5200,12.5700,12.5900,12.6000,12.6100,12.6200,626,2174,1625,1713,2619,107,1072,3767,444,481
SZ,000001,2019-06-12 09:49:36,12.5700,4,114384.0000,91,B,12.5600,12.5500,12.5400,12.5300,12.5200,12.5700,12.5900,12.6000,12.6100,12.6200,626,2176,1625,1713,2619,20,1088,3881,444,491
SZ,000001,2019-06-12 09:49:39,12.5600,3,16336.0000,13,S,12.5600,12.5500,12.5400,12.5300,12.5200,12.5700,12.5900,12.6000,12.6100,12.6200,948,2268,1625,1713,2619,9,1088,3881,444,491
SZ,000001,2019-06-12 09:49:42,12.5700,6,69088.0000,55,B,12.5700,12.5600,12.5500,12.5400,12.5300,12.5900,12.6000,12.6100,12.6200,12.6300,87,941,2284,1625,1723,1049,3881,444,491,1018
SZ,000001,2019-06-12 09:49:45,12.5900,15,475392.0000,378,B,12.5700,12.5600,12.5500,12.5400,12.5300,12.5800,12.5900,12.6000,12.6100,12.6200,78,754,2265,1625,1733,80,881,3881,444,491
SZ,000001,2019-06-12 09:49:48,12.5700,4,27648.0000,22,S,12.5700,12.5600,12.5500,12.5400,12.5300,12.5800,12.5900,12.6000,12.6100,12.6200,37,790,2257,1625,1853,100,881,3881,444,491
SZ,000001,2019-06-12 09:49:51,12.5800,3,8816.0000,7,B,12.5700,12.5600,12.5500,12.5400,12.5300,12.5800,12.5900,12.6000,12.6100,12.6200,109,840,2259,1625,1853,97,1081,3881,444,491
SZ,000001,2019-06-12 09:49:54,12.5700,17,324208.0000,258,S,12.5600,12.5500,12.5400,12.5300,12.5200,12.5700,12.5800,12.5900,12.6000,12.6100,493,2274,1625,1853,2619,143,97,1072,3881,444
SZ,000001,2019-06-12 09:49:57,12.5600,20,276320.0000,220,S,12.5600,12.5500,12.5400,12.5300,12.5200,12.5700,12.5800,12.5900,12.6000,12.6100,318,2274,1620,1853,2619,150,226,1072,3884,444
SZ,000001,2019-06-12 09:50:00,12.5700,4,8800.0000,7,B,12.5600,12.5500,12.5400,12.5300,12.5200,12.5700,12.5800,12.5900,12.6000,12.6100,453,2300,1620,1853,2619,9,226,1072,3884,444
SZ,000001,2019-06-12 09:50:03,12.5600,25,617072.0000,491,S,12.5700,12.5600,12.5500,12.5400,12.5300,12.5800,12.5900,12.6000,12.6100,12.6200,16,339,2309,1620,1863,76,1076,3884,444,491
SZ,000001,2019-06-12 09:50:06,12.5700,18,143248.0000,114,S,12.5700,12.5600,12.5500,12.5400,12.5300,12.5800,12.5900,12.6000,12.6100,12.6200,252,464,2299,1670,1863,76,1086,3884,644,491
SZ,000001,2019-06-12 09:50:09,12.5700,4,42752.0000,34,S,12.5700,12.5600,12.5500,12.5400,12.5300,12.5800,12.5900,12.6000,12.6100,12.6200,287,465,2299,1670,1852,64,1086,3884,644,491
SZ,000001,2019-06-12 09:50:12,12.5700,4,23888.0000,19,S,12.5700,12.5600,12.5500,12.5400,12.5300,12.5800,12.5900,12.6000,12.6100,12.6200,279,484,2299,1670,1852,71,1086,3884,644,491
SZ,000001,2019-06-12 09:50:15,12.5800,9,252688.0000,201,B,12.5700,12.5600,12.5500,12.5400,12.5300,12.5800,12.5900,12.6000,12.6100,12.6200,102,509,2304,1670,1852,32,1086,3884,624,491
SZ,000001,2019-06-12 09:50:18,12.5800,1,3776.0000,3,B,12.5700,12.5600,12.5500,12.5400,12.5300,12.5800,12.5900,12.6000,12.6100,12.6200,141,774,2324,1670,1852,68,1086,3884,624,691
SZ,000001,2019-06-12 09:50:21,12.5800,5,26416.0000,21,B,12.5700,12.5600,12.5500,12.5400,12.5300,12.5800,12.5900,12.6000,12.6100,12.6200,131,875,2329,1620,1802,139,1086,3884,624,691
SZ,000001,2019-06-12 09:50:24,12.5700,11,170960.0000,136,S,12.5700,12.5600,12.5500,12.5400,12.5300,12.5800,12.5900,12.6000,12.6100,12.6200,12,875,2329,1620,1802,144,1086,3884,624,691
SZ,000001,2019-06-12 09:50:27,12.5700,12,106832.0000,85,S,12.5600,12.5500,12.5400,12.5300,12.5200,12.5700,12.5800,12.5900,12.6000,12.6100,880,2330,1620,1802,2586,21,148,1051,3884,624
SZ,000001,2019-06-12 09:50:30,12.5700,8,81744.0000,65,B,12.5700,12.5600,12.5500,12.5400,12.5300,12.5800,12.5900,12.6000,12.6100,12.6200,172,890,2330,1620,1802,156,1051,3884,624,691
SZ,000001,2019-06-12 09:50:33,12.5700,17,665856.0000,530,S,12.5600,12.5500,12.5400,12.5300,12.5200,12.5700,12.5800,12.5900,12.6000,12.6100,544,2330,1620,1852,2586,184,370,1051,3864,624
SZ,000001,2019-06-12 09:50:36,12.5700,10,147024.0000,117,B,12.5600,12.5500,12.5400,12.5300,12.5200,12.5700,12.5800,12.5900,12.6000,12.6100,1130,2329,1620,1852,2586,132,370,1051,3864,624
SZ,000001,2019-06-12 09:50:39,12.5700,6,55312.0000,44,B,12.5600,12.5500,12.5400,12.5300,12.5200,12.5700,12.5800,12.5900,12.6000,12.6100,1151,2339,1620,1852,2586,32,370,1051,3864,624
SZ,000001,2019-06-12 09:50:42,12.5600,10,86672.0000,69,S,12.5600,12.5500,12.5400,12.5300,12.5200,12.5700,12.5800,12.5900,12.6000,12.6100,1142,2357,1620,1852,2586,29,370,1056,3864,624
SZ,000001,2019-06-12 09:50:45,12.5600,8,173328.0000,138,S,12.5600,12.5500,12.5400,12.5300,12.5200,12.5700,12.5800,12.5900,12.6000,12.6100,1031,2357,1620,1852,2586,47,370,1056,3859,624
SZ,000001,2019-06-12 09:50:48,12.5600,13,201008.0000,160,S,12.5600,12.5500,12.5400,12.5300,12.5200,12.5700,12.5800,12.5900,12.6000,12.6100,949,2596,1620,1852,2586,93,370,1056,3859,624
SZ,000001,2019-06-12 09:50:51,12.5600,3,10064.0000,8,S,12.5600,12.5500,12.5400,12.5300,12.5200,12.5700,12.5800,12.5900,12.6000,12.6100,964,2610,1620,1854,2586,117,370,1056,3859,624
SZ,000001,2019-06-12 09:50:54,12.5700,14,262512.0000,209,B,12.5600,12.5500,12.5400,12.5300,12.5200,12.5700,12.5800,12.5900,12.6000,12.6100,782,2620,1620,1854,2590,137,801,1146,3859,624
SZ,000001,2019-06-12 09:50:57,12.5700,5,46496.0000,37,B,12.5600,12.5500,12.5400,12.5300,12.5200,12.5700,12.5800,12.5900,12.6000,12.6100,767,2620,1620,1854,2590,121,801,1157,3859,624
SZ,000001,2019-06-12 09:51:00,12.5600,7,42720.0000,34,S,12.5600,12.5500,12.5400,12.5300,12.5200,12.5700,12.5800,12.5900,12.6000,12.6100,763,2610,1620,1854,2590,116,821,1157,3893,624
SZ,000001,2019-06-12 09:51:03,12.5700,5,263776.0000,210,B,12.5600,12.5500,12.5400,12.5300,12.5200,12.5700,12.5800,12.5900,12.6000,12.6100,591,2610,1620,1854,2590,101,829,1177,3894,624
SZ,000001,2019-06-12 09:51:06,12.5600,8,212304.0000,169,S,12.5600,12.5500,12.5400,12.5300,12.5200,12.5700,12.5800,12.5900,12.6000,12.6100,462,2610,1620,1854,2590,108,829,1177,3894,624
SZ,000001,2019-06-12 09:51:09,12.5600,3,16336.0000,13,S,12.5600,12.5500,12.5400,12.5300,12.5200,12.5700,12.5800,12.5900,12.6000,12.6100,519,2610,1620,1854,2590,107,829,1087,3894,624
SZ,000001,2019-06-12 09:51:12,12.5600,18,358032.0000,285,S,12.5600,12.5500,12.5400,12.5300,12.5200,12.5700,12.5800,12.5900,12.6000,12.6100,359,2610,1620,1854,2590,67,794,1102,3894,624
SZ,000001,2019-06-12 09:51:15,12.5700,7,71648.0000,57,B,12.5600,12.5500,12.5400,12.5300,12.5200,12.5700,12.5800,12.5900,12.6000,12.6100,377,2600,1620,1864,2590,10,794,1102,3894,624
SZ,000001,2019-06-12 09:51:18,12.5700,13,181008.0000,144,B,12.5600,12.5500,12.5400,12.5300,12.5200,12.5700,12.5800,12.5900,12.6000,12.6100,420,2600,1620,1863,2590,162,751,1102,3911,624
SZ,000001,2019-06-12 09:51:21,12.5600,28,200992.0000,160,S,12.5600,12.5500,12.5400,12.5300,12.5200,12.5700,12.5800,12.5900,12.6000,12.6100,464,2607,1620,1864,2590,154,751,1102,3911,624
SZ,000001,2019-06-12 09:51:24,12.5600,23,206016.0000,164,S,12.5600,12.5500,12.5400,12.5300,12.5200,12.5700,12.5800,12.5900,12.6000,12.6100,394,3607,1620,1864,2590,131,751,1102,3911,624
SZ,000001,2019-06-12 09:51:27,12.5600,6,118064.0000,94,S,12.5600,12.5500,12.5400,12.5300,12.5200,12.5700,12.5800,12.5900,12.6000,12.6100,410,3607,1620,1864,2590,169,751,1099,3911,624
SZ,000001,2019-06-12 09:51:30,12.5600,8,62816.0000,50,S,12.5600,12.5500,12.5400,12.5300,12.5200,12.5700,12.5800,12.5900,12.6000,12.6100,416,3628,1620,1864,2590,149,751,1099,3911,624
SZ,000001,2019-06-12 09:51:33,12.5700,13,119344.0000,95,B,12.5600,12.5500,12.5400,12.5300,12.5200,12.5700,12.5800,12.5900,12.6000,12.6100,360,3563,1620,1864,2590,119,751,1079,3911,624
SZ,000001,2019-06-12 09:51:36,12.5700,11,222448.0000,177,B,12.5700,12.5600,12.5500,12.5400,12.5300,12.5800,12.5900,12.6000,12.6100,12.6200,336,328,3568,1620,1864,751,1079,3911,624,688
SZ,000001,2019-06-12 09:51:39,12.5800,9,187328.0000,149,B,12.5700,12.5600,12.5500,12.5400,12.5300,12.5800,12.5900,12.6000,12.6100,12.6200,316,278,3568,1955,1867,857,1079,3911,624,688
SZ,000001,2019-06-12 09:51:42,12.5700,6,292880.0000,233,S,12.5700,12.5600,12.5500,12.5400,12.5300,12.5800,12.5900,12.6000,12.6100,12.6200,93,328,3578,1955,1867,854,1079,3911,624,688
SZ,000001,2019-06-12 09:51:45,12.5700,23,183552.0000,146,S,12.5700,12.5600,12.5500,12.5400,12.5300,12.5800,12.5900,12.6000,12.6100,12.6200,4,671,3578,1952,1867,709,1079,3911,624,688
SZ,000001,2019-06-12 09:51:48,12.5700,7,40224.0000,32,S,12.5700,12.5600,12.5500,12.5400,12.5300,12.5800,12.5900,12.6000,12.6100,12.6200,13,663,3573,1952,1877,709,1079,3911,624,688
SZ,000001,2019-06-12 09:51:51,12.5800,2,6288.0000,5,B,12.5700,12.5600,12.5500,12.5400,12.5300,12.5800,12.5900,12.6000,12.6100,12.6200,38,1185,3573,1952,1877,726,1079,3911,624,688
SZ,000001,2019-06-12 09:51:54,12.5600,13,99296.0000,79,S,12.5600,12.5500,12.5400,12.5300,12.5200,12.5700,12.5800,12.5900,12.6000,12.6100,1184,3563,1952,1877,2590,116,746,1079,3911,624
SZ,000001,2019-06-12 09:51:57,12.5700,2,47776.0000,38,B,12.5600,12.5500,12.5400,12.5300,12.5200,12.5700,12.5800,12.5900,12.6000,12.6100,1184,3563,1952,1877,2590,140,746,1079,3875,624
SZ,000001,2019-06-12 09:52:00,12.5700,6,137008.0000,109,B,12.5600,12.5500,12.5400,12.5300,12.5200,12.5700,12.5800,12.5900,12.6000,12.6100,1210,3563,1952,1877,2590,35,746,1079,3905,624
SZ,000001,2019-06-12 09:52:03,12.5600,14,300176.0000,239,S,12.5600,12.5500,12.5400,12.5300,12.5200,12.5700,12.5800,12.5900,12.6000,12.6100,977,3563,1952,1877,2590,47,741,1079,3905,461
SZ,000001,2019-06-12 09:52:06,12.5700,13,164640.0000,131,B,12.5600,12.5500,12.5400,12.5300,12.5200,12.5700,12.5800,12.5900,12.6000,12.6100,969,3663,1952,1877,2590,1,721,1064,3905,461
SZ,000001,2019-06-12 09:52:09,12.5600,8,213600.0000,170,S,12.5600,12.5500,12.5400,12.5300,12.5200,12.5800,12.5900,12.6000,12.6100,12.6200,882,3663,1992,1877,2590,682,1084,3905,461,688
SZ,000001,2019-06-12 09:52:12,12.5600,8,290272.0000,231,S,12.5600,12.5500,12.5400,12.5300,12.5200,12.5800,12.5900,12.6000,12.6100,12.6200,806,3663,1992,1880,2590,682,1084,3905,461,688
SZ,000001,2019-06-12 09:52:15,12.5800,2,21392.0000,17,B,12.5600,12.5500,12.5400,12.5300,12.5200,12.5800,12.5900,12.6000,12.6100,12.6200,843,3669,1992,1880,2590,688,1084,3812,461,688
SZ,000001,2019-06-12 09:52:18,12.5600,6,31424.0000,25,S,12.5600,12.5500,12.5400,12.5300,12.5200,12.5700,12.5800,12.5900,12.6000,12.6100,842,3709,1992,1880,2590,176,747,1084,3812,461
SZ,000001,2019-06-12 09:52:21,12.5600,6,46496.0000,37,S,12.5600,12.5500,12.5400,12.5300,12.5200,12.5700,12.5800,12.5900,12.6000,12.6100,846,3719,1992,1877,2590,152,747,1084,3807,451
SZ,000001,2019-06-12 09:52:24,12.5600,3,241152.0000,192,S,12.5600,12.5500,12.5400,12.5300,12.5200,12.5700,12.5800,12.5900,12.6000,12.6100,690,3805,1992,1877,2590,152,787,1084,3807,451
SZ,000001,2019-06-12 09:52:27,12.5600,2,49008.0000,39,S,12.5600,12.5500,12.5400,12.5300,12.5200,12.5700,12.5800,12.5900,12.6000,12.6100,666,3805,2002,1877,2590,123,790,1225,3814,451
SZ,000001,2019-06-12 09:52:30,12.5600,13,640592.0000,510,S,12.5600,12.5500,12.5400,12.5300,12.5200,12.5700,12.5800,12.5900,12.6000,12.6100,209,3805,2002,1877,2590,200,840,1225,3814,451
SZ,000001,2019-06-12 09:52:33,12.5600,4,20112.0000,16,S,12.5600,12.5500,12.5400,12.5300,12.5200,12.5700,12.5800,12.5900,12.6000,12.6100,247,3815,2002,1857,2593,190,840,1225,3814,451
SZ,000001,2019-06-12 09:52:36,12.5600,39,407008.0000,324,S,12.5600,12.5500,12.5400,12.5300,12.5200,12.5700,12.5800,12.5900,12.6000,12.6100,67,3815,2002,1857,2593,121,1003,1225,3817,451
SZ,000001,2019-06-12 09:52:39,12.5600,13,198208.0000,158,S,12.5500,12.5400,12.5300,12.5200,12.5100,12.5600,12.5700,12.5800,12.5900,12.6000,3799,2002,1857,2593,3652,30,123,1003,1225,3857
SZ,000001,2019-06-12 09:52:42,12.5500,18,289952.0000,231,S,12.5500,12.5400,12.5300,12.5200,12.5100,12.5600,12.5700,12.5800,12.5900,12.6000,3588,2002,1867,2593,3673,24,133,1175,1231,3859
SZ,000001,2019-06-12 09:52:45,12.5700,7,81888.0000,65,B,12.5600,12.5500,12.5400,12.5300,12.5200,12.5700,12.5800,12.5900,12.6000,12.6100,33,3827,2002,1867,2593,104,1175,1231,3859,451
SZ,000001,2019-06-12 09:52:48,12.5600,5,54000.0000,43,S,12.5600,12.5500,12.5400,12.5300,12.5200,12.5700,12.5800,12.5900,12.6000,12.6100,0,3820,2002,1867,2593,104,1175,1231,3859,451
SZ,000001,2019-06-12 09:52:51,12.5700,18,295392.0000,235,B,12.5700,12.5600,12.5500,12.5400,12.5300,12.5800,12.5900,12.6000,12.6100,12.6200,5,42,3771,2002,1867,1147,1211,3859,451,688
SZ,000001,2019-06-12 09:52:54,12.5500,10,230768.0000,184,S,12.5500,12.5400,12.5300,12.5200,12.5100,12.5600,12.5700,12.5800,12.5900,12.6000,3645,2002,1867,2613,3673,144,10,1148,1211,3859
SZ,000001,2019-06-12 09:52:57,12.5600,10,266336.0000,212,B,12.5600,12.5500,12.5400,12.5300,12.5200,12.5700,12.5800,12.5900,12.6000,12.6100,6,4084,2002,1867,2613,110,1557,1211,3859,451
SZ,000001,2019-06-12 09:53:00,12.5600,4,18832.0000,15,S,12.5600,12.5500,12.5400,12.5300,12.5200,12.5700,12.5800,12.5900,12.6000,12.6100,44,4393,2002,1867,2613,175,1557,1211,3939,451
SZ,000001,2019-06-12 09:53:03,12.5600,16,278864.0000,222,S,12.5600,12.5500,12.5400,12.5300,12.5200,12.5700,12.5800,12.5900,12.6000,12.6100,6,4301,2002,1867,2613,199,1557,1211,3939,451
SZ,000001,2019-06-12 09:53:06,12.5600,4,28880.0000,23,S,12.5600,12.5500,12.5400,12.5300,12.5200,12.5700,12.5800,12.5900,12.6000,12.6100,19,4301,1942,2205,2613,286,1557,1207,3939,451
SZ,000001,2019-06-12 09:53:09,12.5600,4,74112.0000,59,S,12.5600,12.5500,12.5400,12.5300,12.5200,12.5700,12.5800,12.5900,12.6000,12.6100,30,4301,1942,2205,2613,361,1512,1207,4019,451
SZ,000001,2019-06-12 09:53:12,12.5600,16,358224.0000,285,S,12.5600,12.5500,12.5400,12.5300,12.5200,12.5700,12.5800,12.5900,12.6000,12.6100,90,4301,1942,2205,2613,91,1512,1207,4019,451
SZ,000001,2019-06-12 09:53:15,12.5600,9,154496.0000,123,S,12.5500,12.5400,12.5300,12.5200,12.5100,12.5600,12.5700,12.5800,12.5900,12.6000,4389,1942,2205,2613,3673,157,143,1512,1207,4019
SZ,000001,2019-06-12 09:53:18,12.5600,3,26368.0000,21,B,12.5500,12.5400,12.5300,12.5200,12.5100,12.5600,12.5700,12.5800,12.5900,12.6000,4445,1946,2196,2613,3673,150,150,1512,1205,4019
SZ,000001,2019-06-12 09:53:21,12.5600,3,40192.0000,32,B,12.5500,12.5400,12.5300,12.5200,12.5100,12.5600,12.5700,12.5800,12.5900,12.6000,4524,1946,2196,2613,3673,72,170,1512,1205,4019
SZ,000001,2019-06-12 09:53:24,12.5500,12,337856.0000,269,S,12.5500,12.5400,12.5300,12.5200,12.5100,12.5600,12.5700,12.5800,12.5900,12.6000,4550,1946,2196,2613,3673,79,277,1503,1225,4019
SZ,000001,2019-06-12 09:53:27,12.5500,2,31376.0000,25,S,12.5500,12.5400,12.5300,12.5200,12.5100,12.5600,12.5700,12.5800,12.5900,12.6000,4621,1946,2196,2613,3658,79,293,1591,1225,4019
SZ,000001,2019-06-12 09:53:30,12.5500,93,3835296.0000,3056,S,12.5500,12.5400,12.5300,12.5200,12.5100,12.5600,12.5700,12.5800,12.5900,12.6000,1633,1946,2196,2613,3658,126,323,1591,1225,4019
SZ,000001,2019-06-12 09:53:33,12.5500,10,141840.0000,113,S,12.5500,12.5400,12.5300,12.5200,12.5100,12.5600,12.5700,12.5800,12.5900,12.6000,1562,1986,2196,2613,3658,97,327,1591,1225,4024
SZ,000001,2019-06-12 09:53:36,12.5500,15,135648.0000,108,S,12.5500,12.5400,12.5300,12.5200,12.5100,12.5700,12.5800,12.5900,12.6000,12.6100,1637,1986,2186,2613,3658,327,1591,1225,4014,451
SZ,000001,2019-06-12 09:53:39,12.5700,6,56496.0000,45,B,12.5500,12.5400,12.5300,12.5200,12.5100,12.5600,12.5700,12.5800,12.5900,12.6000,1604,1986,2186,2613,3601,25,351,1592,1225,4024
SZ,000001,2019-06-12 09:53:42,12.5500,14,197072.0000,157,S,12.5500,12.5400,12.5300,12.5200,12.5100,12.5700,12.5800,12.5900,12.6000,12.6100,1443,1986,2186,2609,3603,346,1592,1225,4024,451
SZ,000001,2019-06-12 09:53:45,12.5500,11,110512.0000,88,S,12.5500,12.5400,12.5300,12.5200,12.5100,12.5700,12.5800,12.5900,12.6000,12.6100,1459,1986,2206,2609,3523,325,1600,1225,4022,451
SZ,000001,2019-06-12 09:53:48,12.5500,9,450592.0000,359,S,12.5500,12.5400,12.5300,12.5200,12.5100,12.5700,12.5800,12.5900,12.6000,12.6100,1253,1996,2206,2609,3523,331,1600,1225,4022,451
SZ,000001,2019-06-12 09:53:51,12.5500,3,7536.0000,6,S,12.5500,12.5400,12.5300,12.5200,12.5100,12.5700,12.5800,12.5900,12.6000,12.6100,1271,1996,2216,2609,3556,410,1600,1225,4022,451
SZ,000001,2019-06-12 09:53:54,12.5600,11,409200.0000,326,B,12.5500,12.5400,12.5300,12.5200,12.5100,12.5600,12.5700,12.5800,12.5900,12.6000,1269,1996,2216,2609,3559,7,394,1768,1225,4022
SZ,000001,2019-06-12 09:53:57,12.5500,7,45200.0000,36,S,12.5500,12.5400,12.5300,12.5200,12.5100,12.5600,12.5700,12.5800,12.5900,12.6000,1328,1996,2216,2649,3559,20,444,1768,1225,4023
SZ,000001,2019-06-12 09:54:00,12.5600,4,36432.0000,29,B,12.5600,12.5500,12.5400,12.5300,12.5200,12.5700,12.5800,12.5900,12.6000,12.6100,191,1318,1996,2226,2649,444,1768,1225,4023,451
SZ,000001,2019-06-12 09:54:03,12.5600,5,251200.0000,200,S,12.5600,12.5500,12.5400,12.5300,12.5200,12.5700,12.5800,12.5900,12.6000,12.6100,67,1175,1996,2226,2649,444,1768,1225,4061,451
SZ,000001,2019-06-12 09:54:06,12.5500,17,174624.0000,139,S,12.5500,12.5400,12.5300,12.5200,12.5100,12.5600,12.5700,12.5800,12.5900,12.6000,1174,1996,2248,2649,3571,39,404,1768,1235,4061
SZ,000001,2019-06-12 09:54:09,12.5600,11,70320.0000,56,B,12.5500,12.5400,12.5300,12.5200,12.5100,12.5600,12.5700,12.5800,12.5900,12.6000,1401,1996,2248,2649,3571,130,429,1768,1235,4061
SZ,000001,2019-06-12 09:54:12,12.5500,2,7536.0000,6,S,12.5500,12.5400,12.5300,12.5200,12.5100,12.5600,12.5700,12.5800,12.5900,12.6000,1404,1996,2248,2649,3571,324,429,1768,1235,4061
SZ,000001,2019-06-12 09:54:15,12.5500,32,1445760.0000,1152,S,12.5500,12.5400,12.5300,12.5200,12.5100,12.5600,12.5700,12.5800,12.5900,12.6000,307,1996,2248,2649,3591,380,443,1768,1235,4062
SZ,000001,2019-06-12 09:54:18,12.5500,19,412944.0000,329,S,12.5500,12.5400,12.5300,12.5200,12.5100,12.5600,12.5700,12.5800,12.5900,12.6000,39,1996,2248,2619,3591,380,443,1763,1235,4062
SZ,000001,2019-06-12 09:54:21,12.5500,9,100400.0000,80,S,12.5400,12.5300,12.5200,12.5100,12.5000,12.5500,12.5600,12.5700,12.5800,12.5900,2056,2248,2619,3591,6020,300,399,443,1763,1235
SZ,000001,2019-06-12 09:54:24,12.5500,15,370032.0000,295,B,12.5400,12.5300,12.5200,12.5100,12.5000,12.5500,12.5600,12.5700,12.5800,12.5900,1950,2248,2619,3588,6020,281,399,443,1763,1235
SZ,000001,2019-06-12 09:54:27,12.5400,7,230864.0000,184,S,12.5400,12.5300,12.5200,12.5100,12.5000,12.5500,12.5600,12.5700,12.5800,12.5900,1925,2248,2580,3588,6020,162,399,450,1763,1235
SZ,000001,2019-06-12 09:54:30,12.5400,10,90336.0000,72,S,12.5400,12.5300,12.5200,12.5100,12.5000,12.5500,12.5600,12.5700,12.5800,12.5900,1904,2248,2580,3588,6020,113,399,430,1763,1235
SZ,000001,2019-06-12 09:54:33,12.5400,7,272144.0000,217,S,12.5400,12.5300,12.5200,12.5100,12.5000,12.5500,12.5600,12.5700,12.5800,12.5900,1742,2248,2580,3588,6020,96,399,430,1763,1245
SZ,000001,2019-06-12 09:54:36,12.5400,4,57728.0000,46,S,12.5400,12.5300,12.5200,12.5100,12.5000,12.5500,12.5600,12.5700,12.5800,12.5900,1882,2248,2580,3588,6020,262,412,430,1763,1235
SZ,000001,2019-06-12 09:54:39,12.5500,8,125504.0000,100,B,12.5400,12.5300,12.5200,12.5100,12.5000,12.5500,12.5600,12.5700,12.5800,12.5900,1887,2248,2580,3568,6020,162,382,430,1763,1175
SZ,000001,2019-06-12 09:54:42,12.5500,12,210832.0000,168,B,12.5500,12.5400,12.5300,12.5200,12.5100,12.5600,12.5700,12.5800,12.5900,12.6000,2,2871,2248,2580,3568,382,430,1763,1175,4016
SZ,000001,2019-06-12 09:54:45,12.5500,11,92848.0000,74,S,12.5400,12.5300,12.5200,12.5100,12.5000,12.5500,12.5600,12.5700,12.5800,12.5900,2825,2248,2580,3586,6010,6,382,420,1763,1175
SZ,000001,2019-06-12 09:54:48,12.5400,5,66464.0000,53,S,12.5400,12.5300,12.5200,12.5100,12.5000,12.5500,12.5600,12.5700,12.5800,12.5900,2868,2278,2580,3586,6010,15,356,420,1755,1175
SZ,000001,2019-06-12 09:54:51,12.5500,9,79040.0000,63,B,12.5400,12.5300,12.5200,12.5100,12.5000,12.5500,12.5600,12.5700,12.5800,12.5900,2814,2278,2580,3586,6030,2,356,420,1765,1175
SZ,000001,2019-06-12 09:54:54,12.5400,14,278384.0000,222,S,12.5400,12.5300,12.5200,12.5100,12.5000,12.5500,12.5600,12.5700,12.5800,12.5900,2617,2268,2580,3586,6030,22,436,413,1765,1175
SZ,000001,2019-06-12 09:54:57,12.5500,9,341344.0000,272,B,12.5400,12.5300,12.5200,12.5100,12.5000,12.5500,12.5600,12.5700,12.5800,12.5900,2608,2268,2569,3586,6035,318,436,413,1765,1175
SZ,000001,2019-06-12 09:55:00,12.5500,4,70240.0000,56,B,12.5400,12.5300,12.5200,12.5100,12.5000,12.5500,12.5600,12.5700,12.5800,12.5900,2631,2268,2599,3586,6036,328,436,413,1765,1175
SZ,000001,2019-06-12 09:55:03,12.5500,14,429200.0000,342,B,12.5500,12.5400,12.5300,12.5200,12.5100,12.5600,12.5700,12.5800,12.5900,12.6000,1,2873,2268,2599,3592,436,413,1765,1175,4021
SZ,000001,2019-06-12 09:55:06,12.5500,17,293504.0000,234,S,12.5500,12.5400,12.5300,12.5200,12.5100,12.5600,12.5700,12.5800,12.5900,12.6000,145,2943,2268,2599,3592,439,413,1865,1175,4021
SZ,000001,2019-06-12 09:55:09,12.5500,12,229664.0000,183,S,12.5400,12.5300,12.5200,12.5100,12.5000,12.5500,12.5600,12.5700,12.5800,12.5900,2953,2268,2599,3592,6156,886,439,420,1865,1175
SZ,000001,2019-06-12 09:55:12,12.5500,5,56432.0000,45,B,12.5400,12.5300,12.5200,12.5100,12.5000,12.5500,12.5600,12.5700,12.5800,12.5900,2978,2268,2599,3592,6156,882,522,420,1865,1175
SZ,000001,2019-06-12 09:55:15,12.5400,16,548208.0000,437,S,12.5400,12.5300,12.5200,12.5100,12.5000,12.5500,12.5600,12.5700,12.5800,12.5900,2754,2278,2599,3592,6169,691,522,420,1865,1178
SZ,000001,2019-06-12 09:55:18,12.5400,6,106592.0000,85,S,12.5400,12.5300,12.5200,12.5100,12.5000,12.5500,12.5600,12.5700,12.5800,12.5900,2678,2288,2599,3592,6169,706,522,420,1865,1178
SZ,000001,2019-06-12 09:55:21,12.5400,7,51424.0000,41,S,12.5400,12.5300,12.5200,12.5100,12.5000,12.5500,12.5600,12.5700,12.5800,12.5900,2421,2288,2599,3639,6169,709,522,424,1865,1178
SZ,000001,2019-06-12 09:55:24,12.5500,17,351200.0000,280,B,12.5400,12.5300,12.5200,12.5100,12.5000,12.5500,12.5600,12.5700,12.5800,12.5900,2207,2288,2599,3639,6169,642,492,424,1875,1178
SZ,000001,2019-06-12 09:55:27,12.5400,5,47680.0000,38,S,12.5400,12.5300,12.5200,12.5100,12.5000,12.5500,12.5600,12.5700,12.5800,12.5900,2189,2288,2611,3639,6219,612,492,424,1879,1178
SZ,000001,2019-06-12 09:55:30,12.5500,5,409120.0000,326,B,12.5400,12.5300,12.5200,12.5100,12.5000,12.5500,12.5600,12.5700,12.5800,12.5900,2209,2288,2561,3639,6219,423,492,444,1824,1178
SZ,000001,2019-06-12 09:55:33,12.5400,10,294688.0000,235,S,12.5400,12.5300,12.5200,12.5100,12.5000,12.5500,12.5600,12.5700,12.5800,12.5900,1998,2336,2561,3669,6219,423,485,434,1824,1178
SZ,000001,2019-06-12 09:55:36,12.5500,9,302432.0000,241,B,12.5400,12.5300,12.5200,12.5100,12.5000,12.5500,12.5600,12.5700,12.5800,12.5900,2471,2336,2561,3669,6217,286,485,434,1824,1178
SZ,000001,2019-06-12 09:55:39,12.5500,14,117952.0000,94,B,12.5400,12.5300,12.5200,12.5100,12.5000,12.5500,12.5600,12.5700,12.5800,12.5900,2440,2336,2561,3664,6217,212,485,434,1824,1178
SZ,000001,2019-06-12 09:55:42,12.5500,10,184480.0000,147,B,12.5400,12.5300,12.5200,12.5100,12.5000,12.5500,12.5600,12.5700,12.5800,12.5900,2608,2336,2561,3664,6222,92,485,434,1824,1178
SZ,000001,2019-06-12 09:55:45,12.5400,9,89088.0000,71,S,12.5400,12.5300,12.5200,12.5100,12.5000,12.5500,12.5600,12.5700,12.5800,12.5900,2558,2336,2561,3674,6274,32,505,434,1824,1178
SZ,000001,2019-06-12 09:55:48,12.5500,10,47696.0000,38,B,12.5400,12.5300,12.5200,12.5100,12.5000,12.5500,12.5600,12.5700,12.5800,12.5900,2565,2336,2561,3674,6274,2,505,434,1824,1178
SZ,000001,2019-06-12 09:55:51,12.5500,7,35136.0000,28,B,12.5500,12.5400,12.5300,12.5200,12.5100,12.5600,12.5700,12.5800,12.5900,12.6000,6,2596,2341,2561,3674,505,434,1848,1178,3985
SZ,000001,2019-06-12 09:55:54,12.5500,12,135504.0000,108,S,12.5400,12.5300,12.5200,12.5100,12.5000,12.5500,12.5600,12.5700,12.5800,12.5900,2505,2341,2561,3674,6276,576,517,434,1848,1178
SZ,000001,2019-06-12 09:55:57,12.5500,11,106624.0000,85,B,12.5400,12.5300,12.5200,12.5100,12.5000,12.5500,12.5600,12.5700,12.5800,12.5900,2485,2341,2561,3694,6266,552,517,434,1848,1178
SZ,000001,2019-06-12 09:56:00,12.5400,9,159344.0000,127,S,12.5400,12.5300,12.5200,12.5100,12.5000,12.5500,12.5600,12.5700,12.5800,12.5900,2570,2341,2561,3694,6271,486,517,434,1848,1178
SZ,000001,2019-06-12 09:56:03,12.5400,1,16304.0000,13,S,12.5400,12.5300,12.5200,12.5100,12.5000,12.5500,12.5600,12.5700,12.5800,12.5900,2622,2344,2561,3699,6276,284,517,434,1850,1178
SZ,000001,2019-06-12 09:56:06,12.5500,5,307280.0000,245,B,12.5400,12.5300,12.5200,12.5100,12.5000,12.5500,12.5600,12.5700,12.5800,12.5900,2470,2344,2561,3699,6307,246,607,434,1850,1178
SZ,000001,2019-06-12 09:56:09,12.5400,11,111648.0000,89,S,12.5400,12.5300,12.5200,12.5100,12.5000,12.5500,12.5600,12.5700,12.5800,12.5900,2440,2344,2561,3699,6307,727,997,434,1830,1178
SZ,000001,2019-06-12 09:56:12,12.5400,2,11280.0000,9,S,12.5400,12.5300,12.5200,12.5100,12.5000,12.5500,12.5600,12.5700,12.5800,12.5900,2457,2344,2561,3699,6307,736,997,434,1830,1178
SZ,000001,2019-06-12 09:56:15,12.5400,5,282176.0000,225,S,12.5400,12.5300,12.5200,12.5100,12.5000,12.5500,12.5600,12.5700,12.5800,12.5900,2249,2344,2556,3699,6307,726,997,434,1830,1178
SZ,000001,2019-06-12 09:56:18,12.5400,62,2978256.0000,2375,S,12.5300,12.5200,12.5100,12.5000,12.4900,12.5400,12.5500,12.5600,12.5700,12.5800,2344,2556,3699,6307,417,646,715,997,437,1830
SZ,000001,2019-06-12 09:56:21,12.5400,10,106592.0000,85,B,12.5300,12.5200,12.5100,12.5000,12.4900,12.5400,12.5500,12.5600,12.5700,12.5800,2379,2556,3699,6307,417,566,719,997,437,1830
SZ,000001,2019-06-12 09:56:24,12.5300,11,250608.0000,200,S,12.5300,12.5200,12.5100,12.5000,12.4900,12.5400,12.5500,12.5600,12.5700,12.5800,2197,2556,3699,6307,417,586,719,997,437,1830
SZ,000001,2019-06-12 09:56:27,12.5300,5,131584.0000,105,S,12.5300,12.5200,12.5100,12.5000,12.4900,12.5400,12.5500,12.5600,12.5700,12.5800,2112,2556,3699,6314,417,571,724,997,437,1830
SZ,000001,2019-06-12 09:56:30,12.5400,9,67696.0000,54,B,12.5300,12.5200,12.5100,12.5000,12.4900,12.5400,12.5500,12.5600,12.5700,12.5800,2095,2556,3699,6334,412,567,724,1042,437,1830
SZ,000001,2019-06-12 09:56:33,12.5300,3,38864.0000,31,S,12.5300,12.5200,12.5100,12.5000,12.4900,12.5400,12.5500,12.5600,12.5700,12.5800,2099,2556,3699,6335,412,564,725,1042,437,1830
SZ,000001,2019-06-12 09:56:36,12.5300,5,48880.0000,39,S,12.5300,12.5200,12.5100,12.5000,12.4900,12.5400,12.5500,12.5600,12.5700,12.5800,2064,2556,3699,6335,412,558,726,1042,457,1810
SZ,000001,2019-06-12 09:56:39,12.5300,5,43872.0000,35,S,12.5300,12.5200,12.5100,12.5000,12.4900,12.5400,12.5500,12.5600,12.5700,12.5800,2086,2558,3690,6335,412,533,726,1032,457,1810
SZ,000001,2019-06-12 09:56:42,12.5400,11,164208.0000,131,B,12.5300,12.5200,12.5100,12.5000,12.4900,12.5400,12.5500,12.5600,12.5700,12.5800,2600,2558,3710,6335,412,497,743,950,484,1810
SZ,000001,2019-06-12 09:56:45,12.5400,6,97792.0000,78,B,12.5300,12.5200,12.5100,12.5000,12.4900,12.5400,12.5500,12.5600,12.5700,12.5800,2661,2558,3710,6347,412,436,743,560,504,1810
SZ,000001,2019-06-12 09:56:48,12.5400,25,907344.0000,724,B,12.5300,12.5200,12.5100,12.5000,12.4900,12.5400,12.5500,12.5600,12.5700,12.5800,2098,2558,3710,6348,412,279,743,560,504,1810
SZ,000001,2019-06-12 09:56:51,12.5400,5,52640.0000,42,B,12.5300,12.5200,12.5100,12.5000,12.4900,12.5400,12.5500,12.5600,12.5700,12.5800,2066,2558,3710,6358,412,259,743,560,504,1810
SZ,000001,2019-06-12 09:56:54,12.5300,24,345872.0000,276,S,12.5300,12.5200,12.5100,12.5000,12.4900,12.5400,12.5500,12.5600,12.5700,12.5800,1933,2558,3710,6358,412,566,743,560,484,1810
SZ,000001,2019-06-12 09:56:57,12.5400,6,51408.0000,41,B,12.5300,12.5200,12.5100,12.5000,12.4900,12.5400,12.5500,12.5600,12.5700,12.5800,2019,2558,3740,6368,412,543,743,560,508,1810
SZ,000001,2019-06-12 09:57:00,12.5400,12,155408.0000,124,B,12.5300,12.5200,12.5100,12.5000,12.4900,12.5400,12.5500,12.5600,12.5700,12.5800,1929,2558,3739,6368,418,550,823,322,508,1815
SZ,000001,2019-06-12 09:57:03,12.5400,16,110336.0000,88,B,12.5300,12.5200,12.5100,12.5000,12.4900,12.5400,12.5500,12.5600,12.5700,12.5800,1885,2558,3739,6373,419,1000,869,322,517,1815
SZ,000001,2019-06-12 09:57:06,12.5400,19,257008.0000,205,B,12.5300,12.5200,12.5100,12.5000,12.4900,12.5400,12.5500,12.5600,12.5700,12.5800,2035,2563,3739,6383,419,881,929,322,517,1815
SZ,000001,2019-06-12 09:57:09,12.5300,21,418512.0000,334,S,12.5300,12.5200,12.5100,12.5000,12.4900,12.5400,12.5500,12.5600,12.5700,12.5800,1718,2563,3759,6392,419,866,930,322,497,1815
SZ,000001,2019-06-12 09:57:12,12.5400,6,84016.0000,67,B,12.5300,12.5200,12.5100,12.5000,12.4900,12.5400,12.5500,12.5600,12.5700,12.5800,1670,2555,3759,6400,419,813,930,341,463,1815
SZ,000001,2019-06-12 09:57:15,12.5300,18,550112.0000,439,S,12.5300,12.5200,12.5100,12.5000,12.4900,12.5400,12.5500,12.5600,12.5700,12.5800,1290,2555,3759,6400,419,836,930,341,463,1815
SZ,000001,2019-06-12 09:57:18,12.5400,6,51392.0000,41,B,12.5300,12.5200,12.5100,12.5000,12.4900,12.5400,12.5500,12.5600,12.5700,12.5800,2344,2557,3789,6400,419,825,930,341,463,1815
SZ,000001,2019-06-12 09:57:21,12.5300,14,144096.0000,115,S,12.5300,12.5200,12.5100,12.5000,12.4900,12.5400,12.5500,12.5600,12.5700,12.5800,2405,2576,3789,6408,419,863,930,351,463,1815
