市场代码,证券代码,时间,最新价,成交笔数,成交额,成交量,方向,买一价,买二价,买三价,买四价,买五价,卖一价,卖二价,卖三价,卖四价,卖五价,买一量,买二量,买三量,买四量,买五量,卖一量,卖二量,卖三量,卖四量,卖五量
SZ,000001,2019-06-05 09:25:03,11.9700,361,11337984.0000,9472,B,11.9600,11.9500,11.9400,11.9300,11.9200,11.9700,11.9800,11.9900,12.0000,12.0100,2065,1752,1089,1257,245,276,1547,1537,1939,214
SZ,000001,2019-06-05 09:30:03,11.9800,382,16674780.0000,13925,B,11.9800,11.9700,11.9600,11.9500,11.9400,11.9900,12.0000,12.0100,12.0200,12.0300,214,2628,1375,2999,114,1220,3166,1073,1443,930
SZ,000001,2019-06-05 09:30:06,11.9800,61,1469220.0000,1226,S,11.9800,11.9700,11.9600,11.9500,11.9400,11.9900,12.0000,12.0100,12.0200,12.0300,344,3745,1437,3001,118,800,3356,1106,1495,1047
SZ,000001,2019-06-05 09:30:09,11.9800,71,1440468.0000,1202,S,11.9800,11.9700,11.9600,11.9500,11.9400,11.9900,12.0000,12.0100,12.0200,12.0300,81,4308,1470,3001,118,226,3397,1126,1550,1114
SZ,000001,2019-06-05 09:30:12,11.9900,18,209668.0000,175,B,11.9800,11.9700,11.9600,11.9500,11.9400,11.9900,12.0000,12.0100,12.0200,12.0300,61,4689,1284,3103,118,410,3407,1126,1550,1114
SZ,000001,2019-06-05 09:30:15,11.9900,53,967196.0000,807,B,11.9800,11.9700,11.9600,11.9500,11.9400,11.9900,12.0000,12.0100,12.0200,12.0300,6,4606,1292,3103,118,438,3663,1126,1595,1114
SZ,000001,2019-06-05 09:30:18,11.9900,18,285280.0000,238,B,11.9800,11.9700,11.9600,11.9500,11.9400,11.9900,12.0000,12.0100,12.0200,12.0300,33,4621,1292,3103,118,1727,3673,1135,1595,1114
SZ,000001,2019-06-05 09:30:21,11.9800,51,2953212.0000,2464,S,11.9700,11.9600,11.9500,11.9400,11.9300,11.9800,11.9900,12.0000,12.0100,12.0200,4115,1292,3100,118,1356,30,166,3473,1145,1599
SZ,000001,2019-06-05 09:30:24,11.9800,28,464912.0000,388,B,11.9800,11.9700,11.9600,11.9500,11.9400,11.9900,12.0000,12.0100,12.0200,12.0300,93,4160,1302,3100,377,111,3475,1145,1399,1094
SZ,000001,2019-06-05 09:30:27,11.9600,202,7431580.0000,6210,S,11.9500,11.9400,11.9300,11.9200,11.9100,11.9600,11.9700,11.9800,11.9900,12.0000,3788,377,1356,84,425,4122,100,303,346,3465
SZ,000001,2019-06-05 09:30:30,11.9600,8,3088072.0000,2582,B,11.9500,11.9400,11.9300,11.9200,11.9100,11.9600,11.9700,11.9800,11.9900,12.0000,3735,377,1356,84,425,1689,119,502,1089,3495
SZ,000001,2019-06-05 09:30:33,11.9800,17,2585268.0000,2161,B,11.9700,11.9600,11.9500,11.9400,11.9300,11.9800,11.9900,12.0000,12.0100,12.0200,240,141,3751,377,1356,333,1157,3530,1125,1399
SZ,000001,2019-06-05 09:30:36,11.9800,28,955600.0000,798,B,11.9600,11.9500,11.9400,11.9300,11.9200,11.9800,11.9900,12.0000,12.0100,12.0200,604,3751,377,1356,84,30,1336,3545,1125,1399
SZ,000001,2019-06-05 09:30:39,11.9700,8,250100.0000,209,S,11.9600,11.9500,11.9400,11.9300,11.9200,11.9700,11.9800,11.9900,12.0000,12.0100,721,3982,377,1356,84,269,140,1363,3585,1105
SZ,000001,2019-06-05 09:30:42,11.9700,29,548328.0000,458,B,11.9700,11.9600,11.9500,11.9400,11.9300,11.9800,11.9900,12.0000,12.0100,12.0200,756,610,3994,385,1356,602,1373,3595,1120,1249
SZ,000001,2019-06-05 09:30:45,11.9800,11,375864.0000,314,B,11.9700,11.9600,11.9500,11.9400,11.9300,11.9800,11.9900,12.0000,12.0100,12.0200,463,426,4004,390,1356,808,1454,3598,1099,1249
SZ,000001,2019-06-05 09:30:48,11.9700,13,420220.0000,351,S,11.9700,11.9600,11.9500,11.9400,11.9300,11.9800,11.9900,12.0000,12.0100,12.0200,191,456,4004,390,1356,1055,1729,3608,1079,1259
SZ,000001,2019-06-05 09:30:51,11.9700,20,954200.0000,797,S,11.9700,11.9600,11.9500,11.9400,11.9300,11.9800,11.9900,12.0000,12.0100,12.0200,730,489,4004,390,1356,1081,1778,3615,1079,1259
SZ,000001,2019-06-05 09:30:54,11.9700,31,778432.0000,650,S,11.9700,11.9600,11.9500,11.9400,11.9300,11.9800,11.9900,12.0000,12.0100,12.0200,738,489,4004,390,1356,707,1713,3630,1079,1264
SZ,000001,2019-06-05 09:30:57,11.9700,22,1241288.0000,1037,S,11.9600,11.9500,11.9400,11.9300,11.9200,11.9700,11.9800,11.9900,12.0000,12.0100,489,4604,390,1356,84,56,917,1723,3630,1079
SZ,000001,2019-06-05 09:31:00,11.9700,25,551640.0000,461,B,11.9600,11.9500,11.9400,11.9300,11.9200,11.9700,11.9800,11.9900,12.0000,12.0100,264,4604,390,1356,84,85,1005,1798,3749,1076
SZ,000001,2019-06-05 09:31:03,11.9700,18,244188.0000,204,B,11.9700,11.9600,11.9500,11.9400,11.9300,11.9800,11.9900,12.0000,12.0100,12.0200,279,392,4596,390,1356,1211,1803,3745,1076,1254
SZ,000001,2019-06-05 09:31:06,11.9700,36,1539632.0000,1286,S,11.9700,11.9600,11.9500,11.9400,11.9300,11.9800,11.9900,12.0000,12.0100,12.0200,118,387,4596,390,1356,942,1803,3750,1076,1254
SZ,000001,2019-06-05 09:31:09,11.9600,18,280060.0000,234,S,11.9600,11.9500,11.9400,11.9300,11.9200,11.9700,11.9800,11.9900,12.0000,12.0100,1237,4585,390,1356,84,333,943,1712,3750,1066
SZ,000001,2019-06-05 09:31:12,11.9700,6,73016.0000,61,B,11.9600,11.9500,11.9400,11.9300,11.9200,11.9700,11.9800,11.9900,12.0000,12.0100,1332,4575,390,1356,84,731,1112,1702,3750,1066
SZ,000001,2019-06-05 09:31:15,11.9600,17,286000.0000,239,S,11.9600,11.9500,11.9400,11.9300,11.9200,11.9700,11.9800,11.9900,12.0000,12.0100,1296,4575,400,1356,84,720,1219,1742,3738,1066
SZ,000001,2019-06-05 09:31:18,11.9600,47,1948472.0000,1629,S,11.9500,11.9400,11.9300,11.9200,11.9100,11.9600,11.9700,11.9800,11.9900,12.0000,4575,400,1356,84,467,4,768,1220,1794,3732
SZ,000001,2019-06-05 09:31:21,11.9600,16,319828.0000,267,B,11.9600,11.9500,11.9400,11.9300,11.9200,11.9700,11.9800,11.9900,12.0000,12.0100,205,4832,400,1356,84,977,1331,1820,3783,1066
SZ,000001,2019-06-05 09:31:24,11.9700,32,838476.0000,701,B,11.9500,11.9400,11.9300,11.9200,11.9100,11.9700,11.9800,11.9900,12.0000,12.0100,4637,400,1356,84,467,1010,1336,1817,3785,1066
SZ,000001,2019-06-05 09:31:27,11.9600,15,1179240.0000,986,S,11.9600,11.9500,11.9400,11.9300,11.9200,11.9700,11.9800,11.9900,12.0000,12.0100,258,5150,397,1356,84,1432,1366,1538,3831,1066
SZ,000001,2019-06-05 09:31:30,11.9600,7,403024.0000,337,S,11.9500,11.9400,11.9300,11.9200,11.9100,11.9600,11.9700,11.9800,11.9900,12.0000,5140,397,1356,84,467,230,1504,1400,1467,3706
SZ,000001,2019-06-05 09:31:33,11.9600,26,385092.0000,322,B,11.9500,11.9400,11.9300,11.9200,11.9100,11.9600,11.9700,11.9800,11.9900,12.0000,5122,397,1356,84,467,27,2016,1375,1467,3726
SZ,000001,2019-06-05 09:31:36,11.9500,30,1505864.0000,1260,S,11.9500,11.9400,11.9300,11.9200,11.9100,11.9600,11.9700,11.9800,11.9900,12.0000,4028,397,1356,84,467,539,2001,1323,1459,3880
SZ,000001,2019-06-05 09:31:39,11.9600,25,879956.0000,736,B,11.9500,11.9400,11.9300,11.9200,11.9100,11.9600,11.9700,11.9800,11.9900,12.0000,3834,397,1353,84,467,195,2096,1323,1459,3880
SZ,000001,2019-06-05 09:31:42,11.9600,30,586108.0000,490,B,11.9500,11.9400,11.9300,11.9200,11.9100,11.9600,11.9700,11.9800,11.9900,12.0000,3835,397,1353,84,467,289,2082,1370,1479,3899
SZ,000001,2019-06-05 09:31:45,11.9600,14,425768.0000,356,B,11.9500,11.9400,11.9300,11.9200,11.9100,11.9600,11.9700,11.9800,11.9900,12.0000,3853,397,1353,84,467,271,2116,1466,1489,3939
SZ,000001,2019-06-05 09:31:48,11.9500,21,720944.0000,603,S,11.9500,11.9400,11.9300,11.9200,11.9100,11.9600,11.9700,11.9800,11.9900,12.0000,3622,397,1353,84,467,128,2112,1586,1489,3944
SZ,000001,2019-06-05 09:31:51,11.9600,20,737564.0000,617,B,11.9500,11.9400,11.9300,11.9200,11.9100,11.9600,11.9700,11.9800,11.9900,12.0000,3286,397,1353,84,477,10,2112,1565,1499,3958
SZ,000001,2019-06-05 09:31:54,11.9600,33,2410480.0000,2017,B,11.9500,11.9400,11.9300,11.9200,11.9100,11.9600,11.9700,11.9800,11.9900,12.0000,2273,397,1353,84,477,289,2119,1544,1659,3968
SZ,000001,2019-06-05 09:31:57,11.9300,65,5330984.0000,4464,S,11.9200,11.9100,11.9000,11.8900,11.8800,11.9300,11.9600,11.9700,11.9800,11.9900,84,477,1041,1212,1413,1112,1280,2140,1544,1669
SZ,000001,2019-06-05 09:32:00,11.9300,8,585752.0000,491,B,11.9200,11.9100,11.9000,11.8900,11.8800,11.9300,11.9400,11.9600,11.9700,11.9800,82,477,1041,1212,1413,627,150,1360,2160,1483
SZ,000001,2019-06-05 09:32:03,11.9300,6,73968.0000,62,B,11.9200,11.9100,11.9000,11.8900,11.8800,11.9300,11.9400,11.9500,11.9600,11.9700,683,477,1056,1212,1413,602,150,109,1398,2130
SZ,000001,2019-06-05 09:32:06,11.9400,11,975072.0000,817,B,11.9300,11.9200,11.9100,11.9000,11.8900,11.9400,11.9500,11.9600,11.9700,11.9800,1834,840,477,1046,1212,43,195,1428,2116,1475
SZ,000001,2019-06-05 09:32:09,11.9400,7,273424.0000,229,B,11.9400,11.9300,11.9200,11.9100,11.9000,11.9500,11.9600,11.9700,11.9800,11.9900,933,1221,574,477,1056,309,1151,1766,1488,1720
SZ,000001,2019-06-05 09:32:12,11.9600,23,646552.0000,541,B,11.9500,11.9400,11.9300,11.9200,11.9100,11.9600,11.9700,11.9800,11.9900,12.0000,834,1067,982,302,477,1057,1571,1478,1730,3865
SZ,000001,2019-06-05 09:32:15,11.9600,22,917056.0000,767,B,11.9500,11.9400,11.9300,11.9200,11.9100,11.9600,11.9700,11.9800,11.9900,12.0000,587,890,982,311,497,576,1452,1497,1906,3868
SZ,000001,2019-06-05 09:32:18,11.9600,44,1400112.0000,1171,B,11.9500,11.9400,11.9300,11.9200,11.9100,11.9600,11.9700,11.9800,11.9900,12.0000,1033,137,982,406,497,8,1485,1507,1906,3868
SZ,000001,2019-06-05 09:32:21,11.9600,23,517880.0000,433,B,11.9600,11.9500,11.9400,11.9300,11.9200,11.9700,11.9800,11.9900,12.0000,12.0100,765,1031,94,1012,399,1433,1507,1906,3868,1090
SZ,000001,2019-06-05 09:32:24,11.9600,43,1667688.0000,1394,S,11.9600,11.9500,11.9400,11.9300,11.9200,11.9700,11.9800,11.9900,12.0000,12.0100,766,409,90,1012,399,977,1507,1932,3878,1090
SZ,000001,2019-06-05 09:32:27,11.9600,29,841320.0000,703,S,11.9600,11.9500,11.9400,11.9300,11.9200,11.9700,11.9800,11.9900,12.0000,12.0100,600,444,90,1062,399,479,1507,1948,3905,1090
SZ,000001,2019-06-05 09:32:30,11.9700,68,1567952.0000,1310,B,11.9700,11.9600,11.9500,11.9400,11.9300,11.9800,11.9900,12.0000,12.0100,12.0200,271,219,447,90,1073,1174,1937,3865,1090,1129
SZ,000001,2019-06-05 09:32:33,11.9700,14,349584.0000,292,S,11.9700,11.9600,11.9500,11.9400,11.9300,11.9800,11.9900,12.0000,12.0100,12.0200,68,164,447,47,1032,1121,1937,3879,1093,1129
SZ,000001,2019-06-05 09:32:36,11.9700,13,165192.0000,138,S,11.9700,11.9600,11.9500,11.9400,11.9300,11.9800,11.9900,12.0000,12.0100,12.0200,437,138,361,124,1032,1118,1947,3887,1093,1129
SZ,000001,2019-06-05 09:32:39,11.9700,15,439320.0000,367,S,11.9700,11.9600,11.9500,11.9400,11.9300,11.9800,11.9900,12.0000,12.0100,12.0200,109,239,361,124,398,1125,1905,3887,1093,1129
SZ,000001,2019-06-05 09:32:42,11.9700,20,420416.0000,351,S,11.9700,11.9600,11.9500,11.9400,11.9300,11.9800,11.9900,12.0000,12.0100,12.0200,36,239,363,124,398,909,2216,3958,1093,1129
SZ,000001,2019-06-05 09:32:45,11.9700,19,311264.0000,260,S,11.9700,11.9600,11.9500,11.9400,11.9300,11.9800,11.9900,12.0000,12.0100,12.0200,195,139,363,124,407,841,2197,3961,1100,1132
SZ,000001,2019-06-05 09:32:48,11.9700,26,483648.0000,404,S,11.9700,11.9600,11.9500,11.9400,11.9300,11.9800,11.9900,12.0000,12.0100,12.0200,75,139,363,124,407,846,2257,4007,1095,1132
SZ,000001,2019-06-05 09:32:51,11.9700,9,100544.0000,84,S,11.9700,11.9600,11.9500,11.9400,11.9300,11.9800,11.9900,12.0000,12.0100,12.0200,13,128,363,124,407,868,2245,4021,1095,1132
SZ,000001,2019-06-05 09:32:54,11.9700,12,305232.0000,255,S,11.9600,11.9500,11.9400,11.9300,11.9200,11.9700,11.9800,11.9900,12.0000,12.0100,128,363,124,407,402,129,1084,2255,3805,1095
SZ,000001,2019-06-05 09:32:57,11.9700,19,378336.0000,316,B,11.9600,11.9500,11.9400,11.9300,11.9200,11.9700,11.9800,11.9900,12.0000,12.0100,128,363,124,407,402,837,1042,2261,3810,1095
SZ,000001,2019-06-05 09:33:00,11.9600,11,307376.0000,257,S,11.9500,11.9400,11.9300,11.9200,11.9100,11.9600,11.9700,11.9800,11.9900,12.0000,363,124,408,402,505,877,1048,1067,2249,3810
SZ,000001,2019-06-05 09:33:03,11.9500,27,567648.0000,475,S,11.9400,11.9300,11.9200,11.9100,11.9000,11.9500,11.9600,11.9700,11.9800,11.9900,128,408,402,505,1008,88,318,1430,1113,2245
SZ,000001,2019-06-05 09:33:06,11.9600,11,133944.0000,112,B,11.9500,11.9400,11.9300,11.9200,11.9100,11.9600,11.9700,11.9800,11.9900,12.0000,20,241,408,402,505,316,1745,1123,2255,3774
SZ,000001,2019-06-05 09:33:09,11.9400,8,127888.0000,107,S,11.9400,11.9300,11.9200,11.9100,11.9000,11.9500,11.9600,11.9700,11.9800,11.9900,239,408,402,505,1008,505,644,1807,1109,2255
SZ,000001,2019-06-05 09:33:12,11.9500,3,72888.0000,61,B,11.9400,11.9300,11.9200,11.9100,11.9000,11.9500,11.9600,11.9700,11.9800,11.9900,245,423,402,505,1018,463,676,1912,1117,2264
SZ,000001,2019-06-05 09:33:15,11.9500,6,43000.0000,36,B,11.9400,11.9300,11.9200,11.9100,11.9000,11.9500,11.9600,11.9700,11.9800,11.9900,243,423,402,505,1028,491,684,2032,1117,2271
SZ,000001,2019-06-05 09:33:18,11.9400,6,137392.0000,115,S,11.9400,11.9300,11.9200,11.9100,11.9000,11.9500,11.9600,11.9700,11.9800,11.9900,286,423,405,515,1028,539,1055,2135,1117,2257
SZ,000001,2019-06-05 09:33:21,11.9400,7,169672.0000,142,S,11.9400,11.9300,11.9200,11.9100,11.9000,11.9500,11.9600,11.9700,11.9800,11.9900,285,423,405,515,1028,506,1184,2135,1126,2268
SZ,000001,2019-06-05 09:33:24,11.9500,23,456448.0000,382,B,11.9400,11.9300,11.9200,11.9100,11.9000,11.9500,11.9600,11.9700,11.9800,11.9900,269,423,405,515,1038,169,1179,1994,1142,2271
SZ,000001,2019-06-05 09:33:27,11.9400,32,1395424.0000,1168,S,11.9400,11.9300,11.9200,11.9100,11.9000,11.9600,11.9700,11.9800,11.9900,12.0000,77,423,480,521,1043,1175,1997,1145,2229,4047
SZ,000001,2019-06-05 09:33:30,11.9500,8,156528.0000,131,B,11.9400,11.9300,11.9200,11.9100,11.9000,11.9500,11.9600,11.9700,11.9800,11.9900,315,412,530,521,1043,3,1178,2046,1152,2206
SZ,000001,2019-06-05 09:33:33,11.9500,18,430032.0000,360,B,11.9500,11.9400,11.9300,11.9200,11.9100,11.9600,11.9700,11.9800,11.9900,12.0000,4,176,412,530,521,1175,2057,1148,2272,4083
SZ,000001,2019-06-05 09:33:36,11.9500,5,51360.0000,43,S,11.9500,11.9400,11.9300,11.9200,11.9100,11.9600,11.9700,11.9800,11.9900,12.0000,155,62,412,550,521,1175,1781,1160,2338,4073
SZ,000001,2019-06-05 09:33:39,11.9500,9,164912.0000,138,S,11.9500,11.9400,11.9300,11.9200,11.9100,11.9600,11.9700,11.9800,11.9900,12.0000,47,62,412,550,521,1457,1781,1160,2343,4137
SZ,000001,2019-06-05 09:33:42,11.9500,20,331016.0000,277,S,11.9400,11.9300,11.9200,11.9100,11.9000,11.9500,11.9600,11.9700,11.9800,11.9900,46,412,550,321,1043,306,1488,1801,1160,2563
SZ,000001,2019-06-05 09:33:45,11.9400,1,2392.0000,2,S,11.9400,11.9300,11.9200,11.9100,11.9000,11.9500,11.9600,11.9700,11.9800,11.9900,74,412,552,321,1043,586,1552,1801,1160,2673
SZ,000001,2019-06-05 09:33:48,11.9400,8,206704.0000,173,S,11.9400,11.9300,11.9200,11.9100,11.9000,11.9500,11.9600,11.9700,11.9800,11.9900,71,419,552,316,1043,710,1572,1833,1205,2690
SZ,000001,2019-06-05 09:33:51,11.9500,3,51384.0000,43,B,11.9400,11.9300,11.9200,11.9100,11.9000,11.9500,11.9600,11.9700,11.9800,11.9900,124,419,552,326,1063,696,1573,1833,1205,2790
SZ,000001,2019-06-05 09:33:54,11.9500,12,178040.0000,149,B,11.9400,11.9300,11.9200,11.9100,11.9000,11.9500,11.9600,11.9700,11.9800,11.9900,310,419,552,326,1063,597,1793,1833,1316,2831
SZ,000001,2019-06-05 09:33:57,11.9400,17,354840.0000,297,S,11.9400,11.9300,11.9200,11.9100,11.9000,11.9500,11.9600,11.9700,11.9800,11.9900,331,419,552,326,1063,513,1834,1833,1316,2836
SZ,000001,2019-06-05 09:34:00,11.9500,25,667984.0000,559,B,11.9400,11.9300,11.9200,11.9100,11.9000,11.9500,11.9600,11.9700,11.9800,11.9900,536,419,552,350,1013,43,1837,1852,1266,2846
SZ,000001,2019-06-05 09:34:03,11.9500,17,224592.0000,188,B,11.9500,11.9400,11.9300,11.9200,11.9100,11.9600,11.9700,11.9800,11.9900,12.0000,32,480,419,552,350,1837,1852,1276,2901,4198
SZ,000001,2019-06-05 09:34:06,11.9500,26,696376.0000,583,S,11.9400,11.9300,11.9200,11.9100,11.9000,11.9600,11.9700,11.9800,11.9900,12.0000,54,419,552,380,1014,1808,1877,1326,2914,4211
SZ,000001,2019-06-05 09:34:09,11.9500,8,45408.0000,38,S,11.9400,11.9300,11.9200,11.9100,11.9000,11.9500,11.9600,11.9700,11.9800,11.9900,48,419,552,380,1005,19,1921,1870,1376,2914
SZ,000001,2019-06-05 09:34:12,11.9500,12,120688.0000,101,B,11.9500,11.9400,11.9300,11.9200,11.9100,11.9600,11.9700,11.9800,11.9900,12.0000,30,366,388,552,380,1921,1852,1376,2924,4197
SZ,000001,2019-06-05 09:34:15,11.9400,13,70496.0000,59,S,11.9400,11.9300,11.9200,11.9100,11.9000,11.9500,11.9600,11.9700,11.9800,11.9900,373,388,552,380,1005,154,1911,1852,1241,2924
SZ,000001,2019-06-05 09:34:18,11.9600,16,250936.0000,210,B,11.9500,11.9400,11.9300,11.9200,11.9100,11.9600,11.9700,11.9800,11.9900,12.0000,129,366,389,552,380,1981,1852,1231,2954,4146
SZ,000001,2019-06-05 09:34:21,11.9500,10,101592.0000,85,S,11.9500,11.9400,11.9300,11.9200,11.9100,11.9600,11.9700,11.9800,11.9900,12.0000,253,377,389,552,398,1979,1847,1226,2971,4153
SZ,000001,2019-06-05 09:34:24,11.9600,21,361016.0000,302,B,11.9500,11.9400,11.9300,11.9200,11.9100,11.9600,11.9700,11.9800,11.9900,12.0000,675,279,389,555,398,1628,1847,1240,2982,4127
SZ,000001,2019-06-05 09:34:27,11.9500,8,304728.0000,255,S,11.9500,11.9400,11.9300,11.9200,11.9100,11.9600,11.9700,11.9800,11.9900,12.0000,694,285,479,561,398,1734,1780,1240,2982,4030
SZ,000001,2019-06-05 09:34:30,11.9600,42,1528448.0000,1278,B,11.9500,11.9400,11.9300,11.9200,11.9100,11.9600,11.9700,11.9800,11.9900,12.0000,661,285,479,561,498,596,1787,1240,2966,3980
SZ,000001,2019-06-05 09:34:33,11.9500,6,119552.0000,100,S,11.9500,11.9400,11.9300,11.9200,11.9100,11.9600,11.9700,11.9800,11.9900,12.0000,662,299,489,561,506,607,1829,1240,2963,3980
SZ,000001,2019-06-05 09:34:36,11.9600,17,751776.0000,629,B,11.9500,11.9400,11.9300,11.9200,11.9100,11.9600,11.9700,11.9800,11.9900,12.0000,498,299,493,631,506,748,1945,1250,3033,3985
SZ,000001,2019-06-05 09:34:39,11.9500,6,106376.0000,89,S,11.9500,11.9400,11.9300,11.9200,11.9100,11.9600,11.9700,11.9800,11.9900,12.0000,374,299,493,631,506,1282,2025,1250,3033,4095
SZ,000001,2019-06-05 09:34:42,11.9500,20,468440.0000,392,S,11.9500,11.9400,11.9300,11.9200,11.9100,11.9600,11.9700,11.9800,11.9900,12.0000,24,299,493,561,506,1311,1642,1255,3033,4345
SZ,000001,2019-06-05 09:34:45,11.9500,39,1619032.0000,1354,S,11.9500,11.9400,11.9300,11.9200,11.9100,11.9600,11.9700,11.9800,11.9900,12.0000,876,301,493,561,506,334,1797,1263,3047,4335
SZ,000001,2019-06-05 09:34:48,11.9600,13,258248.0000,216,B,11.9500,11.9400,11.9300,11.9200,11.9100,11.9600,11.9700,11.9800,11.9900,12.0000,911,361,493,561,506,211,1797,1263,3022,4331
SZ,000001,2019-06-05 09:34:51,11.9600,8,175792.0000,147,B,11.9500,11.9400,11.9300,11.9200,11.9100,11.9600,11.9700,11.9800,11.9900,12.0000,1042,361,493,561,506,128,1797,1263,3022,4336
SZ,000001,2019-06-05 09:34:54,11.9500,16,259448.0000,217,S,11.9500,11.9400,11.9300,11.9200,11.9100,11.9600,11.9700,11.9800,11.9900,12.0000,2967,361,493,561,506,243,1817,1290,3054,4336
SZ,000001,2019-06-05 09:34:57,11.9600,25,739288.0000,618,B,11.9500,11.9400,11.9300,11.9200,11.9100,11.9600,11.9700,11.9800,11.9900,12.0000,2970,358,493,561,506,375,1675,1290,3071,4356
SZ,000001,2019-06-05 09:35:00,11.9600,8,683784.0000,572,B,11.9500,11.9400,11.9300,11.9200,11.9100,11.9600,11.9700,11.9800,11.9900,12.0000,2644,347,493,561,506,179,1685,1299,3071,4376
SZ,000001,2019-06-05 09:35:03,11.9600,18,808472.0000,676,B,11.9600,11.9500,11.9400,11.9300,11.9200,11.9700,11.9800,11.9900,12.0000,12.0100,833,2665,357,493,561,1658,1304,3073,4396,1119
SZ,000001,2019-06-05 09:35:06,11.9600,2,17944.0000,15,S,11.9600,11.9500,11.9400,11.9300,11.9200,11.9700,11.9800,11.9900,12.0000,12.0100,842,2689,357,493,561,1659,1309,3116,4410,1119
SZ,000001,2019-06-05 09:35:09,11.9800,89,3774688.0000,3154,B,11.9600,11.9500,11.9400,11.9300,11.9200,11.9800,11.9900,12.0000,12.0100,12.0200,215,2787,357,242,561,913,3126,4411,1119,796
SZ,000001,2019-06-05 09:35:12,11.9800,71,1362000.0000,1137,B,11.9600,11.9500,11.9400,11.9300,11.9200,11.9900,12.0000,12.0100,12.0200,12.0300,178,2650,357,242,556,3129,4433,1119,796,1063
SZ,000001,2019-06-05 09:35:15,11.9900,14,547544.0000,457,B,11.9700,11.9600,11.9500,11.9400,11.9300,11.9900,12.0000,12.0100,12.0200,12.0300,221,12,2636,357,242,2817,4433,1119,796,1063
SZ,000001,2019-06-05 09:35:18,11.9900,104,3468944.0000,2893,B,11.9900,11.9700,11.9600,11.9500,11.9400,12.0000,12.0100,12.0200,12.0300,12.0400,545,232,24,2638,355,4412,1119,796,1063,507
SZ,000001,2019-06-05 09:35:21,11.9900,71,2069680.0000,1725,S,11.9900,11.9700,11.9600,11.9500,11.9400,12.0000,12.0100,12.0200,12.0300,12.0400,532,41,100,2639,355,3004,1119,819,1063,507
SZ,000001,2019-06-05 09:35:24,11.9900,38,1229456.0000,1025,S,11.9900,11.9800,11.9700,11.9600,11.9500,12.0000,12.0100,12.0200,12.0300,12.0400,52,12,691,256,2639,2459,1119,769,1063,507
SZ,000001,2019-06-05 09:35:27,12.0000,39,1085832.0000,905,B,11.9900,11.9800,11.9700,11.9600,11.9500,12.0000,12.0100,12.0200,12.0300,12.0400,218,12,691,256,2639,1716,1119,769,1063,507
SZ,000001,2019-06-05 09:35:30,11.9900,32,477336.0000,398,S,11.9900,11.9700,11.9600,11.9500,11.9400,12.0000,12.0100,12.0200,12.0300,12.0400,2085,689,278,2639,385,1573,1119,769,1143,507
SZ,000001,2019-06-05 09:35:33,12.0000,22,176400.0000,147,B,11.9900,11.9700,11.9600,11.9500,11.9400,12.0000,12.0100,12.0200,12.0300,12.0400,2351,689,278,2636,385,1426,1119,769,1174,492
SZ,000001,2019-06-05 09:35:36,12.0100,96,2459344.0000,2049,B,12.0000,11.9900,11.9700,11.9600,11.9500,12.0100,12.0200,12.0300,12.0400,12.0500,89,2271,689,288,2636,604,769,1180,517,1599
SZ,000001,2019-06-05 09:35:39,12.0100,16,355440.0000,296,B,12.0000,11.9900,11.9700,11.9600,11.9500,12.0100,12.0200,12.0300,12.0400,12.0500,265,55,689,283,1636,362,945,1180,549,1599
SZ,000001,2019-06-05 09:35:42,12.0200,32,541648.0000,451,B,12.0100,12.0000,11.9900,11.9700,11.9600,12.0200,12.0300,12.0400,12.0500,12.0600,667,374,71,689,283,853,1216,539,1529,1465
SZ,000001,2019-06-05 09:35:45,12.0200,21,545368.0000,454,B,12.0100,12.0000,11.9900,11.9700,11.9600,12.0200,12.0300,12.0400,12.0500,12.0600,618,227,71,689,303,738,1196,629,1549,1465
SZ,000001,2019-06-05 09:35:48,12.0200,24,820528.0000,683,B,12.0100,12.0000,11.9900,11.9700,11.9600,12.0200,12.0300,12.0400,12.0500,12.0600,601,235,71,689,303,713,1196,622,1549,1465
SZ,000001,2019-06-05 09:35:51,12.0100,13,231896.0000,193,S,12.0100,12.0000,11.9900,11.9700,11.9600,12.0200,12.0300,12.0400,12.0500,12.0600,856,191,71,689,303,825,1194,647,1539,1468
SZ,000001,2019-06-05 09:35:54,12.0300,55,1520592.0000,1265,B,12.0200,12.0100,12.0000,11.9900,11.9700,12.0300,12.0400,12.0500,12.0600,12.0700,8,738,208,77,659,1034,676,1539,1471,642
SZ,000001,2019-06-05 09:35:57,12.0200,30,464128.0000,386,S,12.0100,12.0000,11.9900,11.9800,11.9700,12.0200,12.0300,12.0400,12.0500,12.0600,725,143,77,10,659,1071,942,676,1569,1471
SZ,000001,2019-06-05 09:36:00,12.0200,30,1395760.0000,1162,B,12.0000,11.9900,11.9800,11.9700,11.9600,12.0200,12.0300,12.0400,12.0500,12.0600,144,77,10,659,303,1549,958,676,1589,1471
SZ,000001,2019-06-05 09:36:03,12.0000,29,523200.0000,436,S,11.9900,11.9800,11.9700,11.9600,11.9500,12.0000,12.0100,12.0200,12.0300,12.0400,61,10,669,303,1661,376,41,1824,902,901
SZ,000001,2019-06-05 09:36:06,12.0100,12,204016.0000,170,B,11.9900,11.9800,11.9700,11.9600,11.9500,12.0100,12.0200,12.0300,12.0400,12.0500,253,220,669,303,1661,1158,1880,1022,917,1603
SZ,000001,2019-06-05 09:36:09,11.9900,13,85232.0000,71,S,11.9900,11.9800,11.9700,11.9600,11.9500,12.0100,12.0200,12.0300,12.0400,12.0500,251,220,669,303,1661,1367,1644,1025,917,1643
SZ,000001,2019-06-05 09:36:12,12.0000,14,297600.0000,248,B,11.9900,11.9800,11.9700,11.9600,11.9500,12.0000,12.0100,12.0200,12.0300,12.0400,256,220,690,307,1661,60,1748,1664,1040,958
SZ,000001,2019-06-05 09:36:15,12.0000,14,789832.0000,658,B,11.9900,11.9800,11.9700,11.9600,11.9500,12.0000,12.0100,12.0200,12.0300,12.0400,244,220,690,372,1666,162,1539,1689,1040,962
SZ,000001,2019-06-05 09:36:18,12.0000,5,140360.0000,117,B,11.9900,11.9800,11.9700,11.9600,11.9500,12.0000,12.0100,12.0200,12.0300,12.0400,295,220,690,392,1666,601,1600,1745,1062,972
SZ,000001,2019-06-05 09:36:21,11.9900,43,1962568.0000,1636,S,11.9900,11.9800,11.9700,11.9600,11.9500,12.0000,12.0100,12.0200,12.0300,12.0400,718,319,690,342,1668,489,1604,1569,1093,977
SZ,000001,2019-06-05 09:36:24,12.0000,14,681368.0000,568,B,11.9900,11.9800,11.9700,11.9600,11.9500,12.0000,12.0100,12.0200,12.0300,12.0400,717,319,690,342,1688,492,1615,1574,1028,987
SZ,000001,2019-06-05 09:36:27,11.9800,15,1223096.0000,1020,S,11.9800,11.9700,11.9600,11.9500,11.9400,11.9900,12.0000,12.0100,12.0200,12.0300,316,690,352,1688,387,39,475,1615,1545,1029
SZ,000001,2019-06-05 09:36:30,12.0000,23,364744.0000,304,B,11.9800,11.9700,11.9600,11.9500,11.9400,11.9900,12.0000,12.0100,12.0200,12.0300,547,700,352,1688,387,5,511,1615,1571,1029
SZ,000001,2019-06-05 09:36:33,11.9900,5,27576.0000,23,B,11.9800,11.9700,11.9600,11.9500,11.9400,11.9900,12.0000,12.0100,12.0200,12.0300,543,700,352,1698,387,63,597,1633,1571,1069
SZ,000001,2019-06-05 09:36:36,11.9900,14,372664.0000,311,B,11.9800,11.9700,11.9600,11.9500,11.9400,11.9900,12.0000,12.0100,12.0200,12.0300,327,700,352,1684,374,216,857,1643,1581,1051
SZ,000001,2019-06-05 09:36:39,11.9900,11,123432.0000,103,B,11.9800,11.9700,11.9600,11.9500,11.9400,11.9900,12.0000,12.0100,12.0200,12.0300,310,805,352,1684,374,210,917,1656,1601,1060
SZ,000001,2019-06-05 09:36:42,11.9900,11,137824.0000,115,B,11.9800,11.9700,11.9600,11.9500,11.9400,11.9900,12.0000,12.0100,12.0200,12.0300,281,805,352,1670,374,490,1031,1651,1601,1081
SZ,000001,2019-06-05 09:36:45,11.9900,13,130624.0000,109,B,11.9800,11.9700,11.9600,11.9500,11.9400,11.9900,12.0000,12.0100,12.0200,12.0300,220,805,352,1670,374,502,1059,1679,1606,1151
SZ,000001,2019-06-05 09:36:48,11.9900,18,267288.0000,223,B,11.9800,11.9700,11.9600,11.9500,11.9400,11.9900,12.0000,12.0100,12.0200,12.0300,116,796,350,1660,374,398,1098,1680,1614,1151
SZ,000001,2019-06-05 09:36:51,11.9800,12,430080.0000,359,S,11.9700,11.9600,11.9500,11.9400,11.9300,11.9800,11.9900,12.0000,12.0100,12.0200,796,355,1660,374,344,143,496,1061,1580,1629
SZ,000001,2019-06-05 09:36:54,11.9900,12,430216.0000,359,B,11.9800,11.9700,11.9600,11.9500,11.9400,11.9900,12.0000,12.0100,12.0200,12.0300,216,804,355,1695,374,439,1106,1584,1614,1206
SZ,000001,2019-06-05 09:36:57,11.9900,32,651096.0000,543,B,11.9800,11.9700,11.9600,11.9500,11.9400,12.0000,12.0100,12.0200,12.0300,12.0400,100,849,355,1695,424,1014,1578,1612,1226,1486
SZ,000001,2019-06-05 09:37:00,11.9900,12,385680.0000,322,B,11.9800,11.9700,11.9600,11.9500,11.9400,11.9900,12.0000,12.0100,12.0200,12.0300,7,730,408,1695,424,19,1167,1566,1612,1226
SZ,000001,2019-06-05 09:37:03,11.9800,19,218032.0000,182,S,11.9800,11.9700,11.9600,11.9500,11.9400,11.9900,12.0000,12.0100,12.0200,12.0300,58,736,408,1695,424,245,1167,1566,1612,1260
SZ,000001,2019-06-05 09:37:06,11.9700,19,715024.0000,597,S,11.9700,11.9600,11.9500,11.9400,11.9300,11.9900,12.0000,12.0100,12.0200,12.0300,376,418,1695,424,419,114,1235,1587,1666,1260
SZ,000001,2019-06-05 09:37:09,11.9800,4,95888.0000,80,B,11.9700,11.9600,11.9500,11.9400,11.9300,11.9800,11.9900,12.0000,12.0100,12.0200,378,418,1695,424,415,15,1066,1334,1593,1666
SZ,000001,2019-06-05 09:37:12,11.9800,4,31152.0000,26,B,11.9700,11.9600,11.9500,11.9400,11.9300,11.9800,11.9900,12.0000,12.0100,12.0200,488,498,1695,424,415,17,1140,1361,1654,1726
SZ,000001,2019-06-05 09:37:15,11.9700,6,38320.0000,32,S,11.9700,11.9600,11.9500,11.9400,11.9300,11.9800,11.9900,12.0000,12.0100,12.0200,464,438,1695,424,415,642,1207,1381,1698,1765
SZ,000001,2019-06-05 09:37:18,11.9700,10,196400.0000,164,S,11.9700,11.9600,11.9500,11.9400,11.9300,11.9800,11.9900,12.0000,12.0100,12.0200,416,438,1695,424,415,590,847,1450,938,1767
SZ,000001,2019-06-05 09:37:21,11.9700,10,186848.0000,156,S,11.9700,11.9600,11.9500,11.9400,11.9300,11.9800,11.9900,12.0000,12.0100,12.0200,409,443,1695,424,416,574,837,1501,963,1767
SZ,000001,2019-06-05 09:37:24,11.9700,22,1220944.0000,1020,S,11.9700,11.9600,11.9500,11.9400,11.9300,11.9800,11.9900,12.0000,12.0100,12.0200,401,439,1695,424,416,611,837,1516,938,1777
SZ,000001,2019-06-05 09:37:27,11.9700,8,396512.0000,331,S,11.9700,11.9600,11.9500,11.9400,11.9300,11.9800,11.9900,12.0000,12.0100,12.0200,371,439,1695,424,416,550,892,1534,940,1759
SZ,000001,2019-06-05 09:37:30,11.9700,11,532704.0000,445,S,11.9700,11.9600,11.9500,11.9400,11.9300,11.9800,11.9900,12.0000,12.0100,12.0200,190,421,1696,424,416,1341,892,2399,940,1692
SZ,000001,2019-06-05 09:37:33,11.9700,16,417904.0000,349,S,11.9600,11.9500,11.9400,11.9300,11.9200,11.9700,11.9800,11.9900,12.0000,12.0100,431,1696,410,416,689,819,1237,907,2359,941
SZ,000001,2019-06-05 09:37:36,11.9600,3,5984.0000,5,S,11.9600,11.9500,11.9400,11.9300,11.9200,11.9700,11.9800,11.9900,12.0000,12.0100,550,1692,410,416,719,950,1295,907,2397,941
SZ,000001,2019-06-05 09:37:39,11.9700,17,474880.0000,397,B,11.9600,11.9500,11.9400,11.9300,11.9200,11.9700,11.9800,11.9900,12.0000,12.0100,220,1692,410,416,719,1070,1293,920,2299,940
SZ,000001,2019-06-05 09:37:42,11.9600,11,145920.0000,122,S,11.9600,11.9500,11.9400,11.9300,11.9200,11.9700,11.9800,11.9900,12.0000,12.0100,169,1692,410,416,719,1056,1293,944,2299,940
SZ,000001,2019-06-05 09:37:45,11.9600,7,153120.0000,128,S,11.9600,11.9500,11.9400,11.9300,11.9200,11.9700,11.9800,11.9900,12.0000,12.0100,73,1692,410,416,719,1065,1303,964,2299,940
SZ,000001,2019-06-05 09:37:48,11.9700,8,87360.0000,73,B,11.9600,11.9500,11.9400,11.9300,11.9200,11.9700,11.9800,11.9900,12.0000,12.0100,56,1693,410,416,719,1247,1303,1014,2290,940
SZ,000001,2019-06-05 09:37:51,11.9600,6,175904.0000,147,S,11.9600,11.9500,11.9400,11.9300,11.9200,11.9700,11.9800,11.9900,12.0000,12.0100,53,1693,410,420,719,1164,1282,1013,2290,948
SZ,000001,2019-06-05 09:37:54,11.9700,8,337488.0000,282,B,11.9600,11.9500,11.9400,11.9300,11.9200,11.9700,11.9800,11.9900,12.0000,12.0100,102,1693,410,420,713,956,1320,1031,2290,948
SZ,000001,2019-06-05 09:37:57,11.9600,12,321872.0000,269,S,11.9600,11.9500,11.9400,11.9300,11.9200,11.9700,11.9800,11.9900,12.0000,12.0100,8,1693,410,420,713,872,1320,1034,2304,948
SZ,000001,2019-06-05 09:38:00,11.9600,4,96928.0000,81,S,11.9600,11.9500,11.9400,11.9300,11.9200,11.9700,11.9800,11.9900,12.0000,12.0100,199,1683,410,420,713,1035,1314,1019,2304,1780
SZ,000001,2019-06-05 09:38:03,11.9600,14,550576.0000,460,S,11.9600,11.9500,11.9400,11.9300,11.9200,11.9700,11.9800,11.9900,12.0000,12.0100,316,1703,410,420,713,612,1314,1020,2304,1799
SZ,000001,2019-06-05 09:38:06,11.9600,6,96880.0000,81,S,11.9600,11.9500,11.9400,11.9300,11.9200,11.9700,11.9800,11.9900,12.0000,12.0100,265,1706,410,470,673,627,1313,1020,2350,1785
SZ,000001,2019-06-05 09:38:09,11.9700,26,509840.0000,426,B,11.9600,11.9500,11.9400,11.9300,11.9200,11.9700,11.9800,11.9900,12.0000,12.0100,410,1706,410,470,773,294,1313,1110,2367,1785
SZ,000001,2019-06-05 09:38:12,11.9700,16,422544.0000,353,B,11.9700,11.9600,11.9500,11.9400,11.9300,11.9800,11.9900,12.0000,12.0100,12.0200,100,373,1706,410,470,1305,1110,2367,1785,1592
SZ,000001,2019-06-05 09:38:15,11.9800,19,257536.0000,215,B,11.9700,11.9600,11.9500,11.9400,11.9300,11.9800,11.9900,12.0000,12.0100,12.0200,45,550,1706,410,470,1119,1110,2367,1785,1592
SZ,000001,2019-06-05 09:38:18,11.9800,15,240736.0000,201,B,11.9700,11.9600,11.9500,11.9400,11.9300,11.9800,11.9900,12.0000,12.0100,12.0200,251,542,1690,420,470,983,1110,2372,1785,1596
SZ,000001,2019-06-05 09:38:21,11.9700,18,673040.0000,562,S,11.9700,11.9600,11.9500,11.9400,11.9300,11.9800,11.9900,12.0000,12.0100,12.0200,20,524,1710,420,480,659,1110,2440,1785,1896
SZ,000001,2019-06-05 09:38:24,11.9700,3,11968.0000,10,S,11.9700,11.9600,11.9500,11.9400,11.9300,11.9800,11.9900,12.0000,12.0100,12.0200,232,574,1710,730,480,677,1120,2428,1785,1935
SZ,000001,2019-06-05 09:38:27,11.9800,17,377328.0000,315,B,11.9700,11.9600,11.9500,11.9400,11.9300,11.9800,11.9900,12.0000,12.0100,12.0200,194,474,1730,730,480,535,1124,2462,1785,1935
SZ,000001,2019-06-05 09:38:30,11.9800,17,142512.0000,119,B,11.9700,11.9600,11.9500,11.9400,11.9300,11.9800,11.9900,12.0000,12.0100,12.0200,322,482,1730,732,470,474,1144,2492,1785,1935
SZ,000001,2019-06-05 09:38:33,11.9700,4,53904.0000,45,S,11.9700,11.9600,11.9500,11.9400,11.9300,11.9800,11.9900,12.0000,12.0100,12.0200,397,482,1720,732,470,444,1204,2430,1785,1916
SZ,000001,2019-06-05 09:38:36,11.9800,5,52704.0000,44,B,11.9700,11.9600,11.9500,11.9400,11.9300,11.9800,11.9900,12.0000,12.0100,12.0200,397,490,1720,732,770,536,1404,2490,1785,1916
SZ,000001,2019-06-05 09:38:39,11.9800,3,128192.0000,107,B,11.9700,11.9600,11.9500,11.9400,11.9300,11.9800,11.9900,12.0000,12.0100,12.0200,402,490,1717,751,770,511,1404,2490,1790,1921
SZ,000001,2019-06-05 09:38:42,11.9800,10,143760.0000,120,B,11.9700,11.9600,11.9500,11.9400,11.9300,11.9800,11.9900,12.0000,12.0100,12.0200,347,686,1722,751,770,459,1437,2505,1790,1951
SZ,000001,2019-06-05 09:38:45,11.9700,29,768464.0000,642,S,11.9600,11.9500,11.9400,11.9300,11.9200,11.9700,11.9800,11.9900,12.0000,12.0100,731,1722,751,770,723,7364,585,1642,2585,1790
SZ,000001,2019-06-05 09:38:48,11.9700,10,1103632.0000,922,B,11.9600,11.9500,11.9400,11.9300,11.9200,11.9700,11.9800,11.9900,12.0000,12.0100,910,1727,751,770,723,6471,603,1642,2595,1790
SZ,000001,2019-06-05 09:38:51,11.9700,2,27536.0000,23,B,11.9600,11.9500,11.9400,11.9300,11.9200,11.9700,11.9800,11.9900,12.0000,12.0100,824,1727,751,770,723,6450,613,1642,2595,2068
SZ,000001,2019-06-05 09:38:54,11.9700,11,689456.0000,576,B,11.9600,11.9500,11.9400,11.9300,11.9200,11.9700,11.9800,11.9900,12.0000,12.0100,764,1727,796,780,703,5884,611,1642,2595,2068
SZ,000001,2019-06-05 09:38:57,11.9700,11,6271072.0000,5239,B,11.9600,11.9500,11.9400,11.9300,11.9200,11.9700,11.9800,11.9900,12.0000,12.0100,754,1727,796,780,703,665,611,1651,2610,2068
SZ,000001,2019-06-05 09:39:00,11.9600,31,1009024.0000,843,S,11.9700,11.9600,11.9500,11.9400,11.9300,11.9800,11.9900,12.0000,12.0100,12.0200,15,704,1727,796,780,523,1651,2610,2088,1946
SZ,000001,2019-06-05 09:39:03,11.9800,19,80240.0000,67,B,11.9700,11.9600,11.9500,11.9400,11.9300,11.9800,11.9900,12.0000,12.0100,12.0200,1715,831,1727,796,780,485,1651,2630,2082,1946
SZ,000001,2019-06-05 09:39:06,11.9900,31,766864.0000,640,B,11.9800,11.9700,11.9600,11.9500,11.9400,11.9900,12.0000,12.0100,12.0200,12.0300,36,2015,683,1727,751,1481,2645,2082,1946,1479
SZ,000001,2019-06-05 09:39:09,11.9900,15,534112.0000,446,B,11.9800,11.9700,11.9600,11.9500,11.9400,11.9900,12.0000,12.0100,12.0200,12.0300,6,1718,893,1727,751,1396,2644,2082,1946,1524
SZ,000001,2019-06-05 09:39:12,11.9800,7,233808.0000,195,S,11.9800,11.9700,11.9600,11.9500,11.9400,11.9900,12.0000,12.0100,12.0200,12.0300,352,1504,595,1727,751,1200,2659,2082,1955,1544
SZ,000001,2019-06-05 09:39:15,11.9800,3,7184.0000,6,S,11.9800,11.9700,11.9600,11.9500,11.9400,11.9900,12.0000,12.0100,12.0200,12.0300,351,1504,590,1727,751,1200,2659,2082,1955,1545
SZ,000001,2019-06-05 09:39:18,11.9900,4,109104.0000,91,B,11.9800,11.9700,11.9600,11.9500,11.9400,11.9900,12.0000,12.0100,12.0200,12.0300,356,1504,592,1751,751,1165,2674,2082,1950,1545
SZ,000001,2019-06-05 09:39:21,11.9800,9,315072.0000,263,S,11.9800,11.9700,11.9600,11.9500,11.9400,11.9900,12.0000,12.0100,12.0200,12.0300,278,1534,592,1751,751,1276,2653,2082,1970,1545
SZ,000001,2019-06-05 09:39:24,11.9900,9,121072.0000,101,B,11.9800,11.9700,11.9600,11.9500,11.9400,11.9900,12.0000,12.0100,12.0200,12.0300,595,1534,639,1751,751,1210,2656,2082,1980,1558
SZ,000001,2019-06-05 09:39:27,11.9800,19,302128.0000,252,S,11.9800,11.9700,11.9600,11.9500,11.9400,11.9900,12.0000,12.0100,12.0200,12.0300,598,1539,665,1751,751,1018,2676,2082,1980,1558
SZ,000001,2019-06-05 09:39:30,11.9900,32,469920.0000,392,B,11.9800,11.9700,11.9600,11.9500,11.9400,11.9900,12.0000,12.0100,12.0200,12.0300,503,1529,675,1765,751,736,2708,2082,1996,1664
SZ,000001,2019-06-05 09:39:33,11.9800,8,237360.0000,198,S,11.9800,11.9700,11.9600,11.9500,11.9400,11.9900,12.0000,12.0100,12.0200,12.0300,531,1529,695,1741,751,615,2696,2122,2006,1664
SZ,000001,2019-06-05 09:39:36,11.9900,1,2400.0000,2,B,11.9800,11.9700,11.9600,11.9500,11.9400,11.9900,12.0000,12.0100,12.0200,12.0300,539,1529,695,1741,751,628,2696,2122,1986,1764
SZ,000001,2019-06-05 09:39:39,11.9900,10,170240.0000,142,B,11.9800,11.9700,11.9600,11.9500,11.9400,11.9900,12.0000,12.0100,12.0200,12.0300,476,1529,722,1737,751,518,2700,2122,1992,1764
SZ,000001,2019-06-05 09:39:42,11.9800,23,583872.0000,487,S,11.9800,11.9700,11.9600,11.9500,11.9400,11.9900,12.0000,12.0100,12.0200,12.0300,534,1529,722,1837,751,570,2730,2127,1992,1764
SZ,000001,2019-06-05 09:39:45,11.9900,5,26384.0000,22,B,11.9800,11.9700,11.9600,11.9500,11.9400,11.9900,12.0000,12.0100,12.0200,12.0300,523,1529,1022,1837,757,656,2794,2127,1992,1764
SZ,000001,2019-06-05 09:39:48,11.9800,15,378624.0000,316,S,11.9800,11.9700,11.9600,11.9500,11.9400,11.9900,12.0000,12.0100,12.0200,12.0300,279,1529,1009,1847,757,617,2820,2127,2007,1793
SZ,000001,2019-06-05 09:39:51,11.9900,21,523760.0000,437,B,11.9800,11.9700,11.9600,11.9500,11.9400,11.9900,12.0000,12.0100,12.0200,12.0300,82,1529,1009,1827,757,401,4481,2140,2007,1808
SZ,000001,2019-06-05 09:39:54,11.9800,4,127088.0000,106,S,11.9800,11.9700,11.9600,11.9500,11.9400,11.9900,12.0000,12.0100,12.0200,12.0300,328,1529,1009,1827,757,412,4486,2140,2007,1810
SZ,000001,2019-06-05 09:39:57,11.9900,6,161856.0000,135,B,11.9800,11.9700,11.9600,11.9500,11.9400,11.9900,12.0000,12.0100,12.0200,12.0300,328,1529,1026,1831,757,220,4486,2143,2053,1771
SZ,000001,2019-06-05 09:40:00,11.9900,17,107904.0000,90,B,11.9800,11.9700,11.9600,11.9500,11.9400,11.9900,12.0000,12.0100,12.0200,12.0300,328,1529,1026,1832,758,326,4489,1985,2253,1771
SZ,000001,2019-06-05 09:40:03,11.9900,13,307936.0000,257,B,11.9800,11.9700,11.9600,11.9500,11.9400,11.9900,12.0000,12.0100,12.0200,12.0300,131,1529,1039,1832,758,431,4532,1985,2253,1771
SZ,000001,2019-06-05 09:40:06,11.9800,11,59936.0000,50,S,11.9800,11.9700,11.9600,11.9500,11.9400,11.9900,12.0000,12.0100,12.0200,12.0300,172,1504,1044,1832,758,441,4570,1991,2193,1771
SZ,000001,2019-06-05 09:40:09,11.9800,16,577440.0000,482,S,11.9700,11.9600,11.9500,11.9400,11.9300,11.9800,11.9900,12.0000,12.0100,12.0200,1504,1044,1832,758,831,333,714,4570,2027,2193
SZ,000001,2019-06-05 09:40:12,11.9800,4,47920.0000,40,B,11.9700,11.9600,11.9500,11.9400,11.9300,11.9800,11.9900,12.0000,12.0100,12.0200,1505,1046,1832,758,831,126,763,4608,2027,2200
SZ,000001,2019-06-05 09:40:15,11.9800,2,16768.0000,14,B,11.9700,11.9600,11.9500,11.9400,11.9300,11.9800,11.9900,12.0000,12.0100,12.0200,1610,1062,1832,758,831,204,783,4618,2027,2217
SZ,000001,2019-06-05 09:40:18,11.9700,12,128192.0000,107,S,11.9700,11.9600,11.9500,11.9400,11.9300,11.9800,11.9900,12.0000,12.0100,12.0200,1608,1057,1832,757,831,117,1648,4628,2027,2217
SZ,000001,2019-06-05 09:40:21,11.9800,17,232384.0000,194,B,11.9700,11.9600,11.9500,11.9400,11.9300,11.9800,11.9900,12.0000,12.0100,12.0200,1738,1057,1822,757,831,9,1689,4623,2027,2222
SZ,000001,2019-06-05 09:40:24,11.9700,7,100576.0000,84,S,11.9800,11.9700,11.9600,11.9500,11.9400,11.9900,12.0000,12.0100,12.0200,12.0300,20,1675,1057,1822,757,1770,4623,2027,2222,1771
SZ,000001,2019-06-05 09:40:27,11.9800,6,355776.0000,297,S,11.9700,11.9600,11.9500,11.9400,11.9300,11.9800,11.9900,12.0000,12.0100,12.0200,1557,1006,1822,755,831,384,1775,4623,2027,2486
SZ,000001,2019-06-05 09:40:30,11.9800,8,159248.0000,133,B,11.9700,11.9600,11.9500,11.9400,11.9300,11.9800,11.9900,12.0000,12.0100,12.0200,1499,1006,1812,755,831,379,1922,4632,2067,2426
SZ,000001,2019-06-05 09:40:33,11.9800,13,462432.0000,386,B,11.9700,11.9600,11.9500,11.9400,11.9300,11.9800,11.9900,12.0000,12.0100,12.0200,1674,1006,1812,755,831,175,2002,4632,2064,2457
SZ,000001,2019-06-05 09:40:36,11.9800,7,26336.0000,22,B,11.9700,11.9600,11.9500,11.9400,11.9300,11.9800,11.9900,12.0000,12.0100,12.0200,1662,1006,1497,755,831,175,2047,4607,2064,2457
SZ,000001,2019-06-05 09:40:39,11.9700,2,8384.0000,7,S,11.9700,11.9600,11.9500,11.9400,11.9300,11.9800,11.9900,12.0000,12.0100,12.0200,1656,1134,1497,755,834,205,2024,4624,2064,2460
SZ,000001,2019-06-05 09:40:42,11.9800,7,57488.0000,48,B,11.9700,11.9600,11.9500,11.9400,11.9300,11.9800,11.9900,12.0000,12.0100,12.0200,1652,1108,1497,755,854,230,2030,4614,2064,2460
SZ,000001,2019-06-05 09:40:45,11.9700,5,90976.0000,76,S,11.9700,11.9600,11.9500,11.9400,11.9300,11.9800,11.9900,12.0000,12.0100,12.0200,1589,1108,1537,755,854,771,2072,4624,2064,2470
SZ,000001,2019-06-05 09:40:48,11.9800,24,556960.0000,465,B,11.9700,11.9600,11.9500,11.9400,11.9300,11.9800,11.9900,12.0000,12.0100,12.0200,1339,1165,1537,755,854,770,2173,4599,2064,2470
SZ,000001,2019-06-05 09:40:51,11.9800,5,28752.0000,24,B,11.9700,11.9600,11.9500,11.9400,11.9300,11.9800,11.9900,12.0000,12.0100,12.0200,1369,1165,1537,755,854,772,2178,4599,2064,2470
SZ,000001,2019-06-05 09:40:54,11.9800,2,370192.0000,309,B,11.9700,11.9600,11.9500,11.9400,11.9300,11.9800,11.9900,12.0000,12.0100,12.0200,1708,1165,1537,755,864,543,2169,4582,2064,2470
SZ,000001,2019-06-05 09:40:57,11.9800,11,412096.0000,344,B,11.9700,11.9600,11.9500,11.9400,11.9300,11.9800,11.9900,12.0000,12.0100,12.0200,1701,1165,1545,755,864,218,2175,4582,2064,2465
SZ,000001,2019-06-05 09:41:00,11.9800,34,463632.0000,387,B,11.9800,11.9700,11.9600,11.9500,11.9400,11.9900,12.0000,12.0100,12.0200,12.0300,120,1704,1165,1545,755,3150,4629,2064,2465,2054
SZ,000001,2019-06-05 09:41:03,11.9800,14,227616.0000,190,S,11.9800,11.9700,11.9600,11.9500,11.9400,11.9900,12.0000,12.0100,12.0200,12.0300,167,1650,1168,1550,755,2920,4649,2064,2465,2100
SZ,000001,2019-06-05 09:41:06,11.9800,2,51520.0000,43,S,11.9800,11.9700,11.9600,11.9500,11.9400,11.9900,12.0000,12.0100,12.0200,12.0300,410,1536,1168,1550,755,2929,4660,3076,2465,2110
SZ,000001,2019-06-05 09:41:09,11.9800,45,1633600.0000,1363,S,11.9700,11.9600,11.9500,11.9400,11.9300,11.9800,11.9900,12.0000,12.0100,12.0200,1535,1172,1550,755,884,191,2280,4719,3076,2465
SZ,000001,2019-06-05 09:41:12,11.9800,4,10784.0000,9,B,11.9700,11.9600,11.9500,11.9400,11.9300,11.9800,11.9900,12.0000,12.0100,12.0200,1816,1182,1550,765,884,219,2355,4729,3076,2468
SZ,000001,2019-06-05 09:41:15,11.9800,4,14368.0000,12,B,11.9700,11.9600,11.9500,11.9400,11.9300,11.9800,11.9900,12.0000,12.0100,12.0200,1815,1182,1550,765,884,238,2490,4755,3076,2478
SZ,000001,2019-06-05 09:41:18,11.9800,22,476656.0000,398,B,11.9700,11.9600,11.9500,11.9400,11.9300,11.9800,11.9900,12.0000,12.0100,12.0200,1702,1182,1550,765,905,156,2560,4765,3076,2495
SZ,000001,2019-06-05 09:41:21,11.9700,8,148448.0000,124,S,11.9700,11.9600,11.9500,11.9400,11.9300,11.9800,11.9900,12.0000,12.0100,12.0200,1616,1184,1560,765,905,202,2580,4769,3076,2495
SZ,000001,2019-06-05 09:41:24,11.9700,4,52704.0000,44,S,11.9700,11.9600,11.9500,11.9400,11.9300,11.9800,11.9900,12.0000,12.0100,12.0200,1606,1184,1560,765,905,1282,2612,4769,3076,2495
SZ,000001,2019-06-05 09:41:27,11.9700,6,150928.0000,126,S,11.9700,11.9600,11.9500,11.9400,11.9300,11.9800,11.9900,12.0000,12.0100,12.0200,1590,1184,1560,765,805,1281,2616,4777,3082,2496
SZ,000001,2019-06-05 09:41:30,11.9800,15,432320.0000,361,B,11.9700,11.9600,11.9500,11.9400,11.9300,11.9800,11.9900,12.0000,12.0100,12.0200,1434,1188,1560,767,795,1097,2620,4777,3082,2500
SZ,000001,2019-06-05 09:41:33,11.9700,6,143744.0000,120,S,11.9700,11.9600,11.9500,11.9400,11.9300,11.9800,11.9900,12.0000,12.0100,12.0200,1410,1188,1570,767,795,1261,2704,4782,3092,2500
SZ,000001,2019-06-05 09:41:36,11.9700,5,401056.0000,335,S,11.9700,11.9600,11.9500,11.9400,11.9300,11.9800,11.9900,12.0000,12.0100,12.0200,1134,1188,1570,767,795,1356,2704,4782,3092,2500
SZ,000001,2019-06-05 09:41:39,11.9800,4,244240.0000,204,B,11.9700,11.9600,11.9500,11.9400,11.9300,11.9800,11.9900,12.0000,12.0100,12.0200,992,1188,1570,767,795,1308,2785,4792,3092,2500
SZ,000001,2019-06-05 09:41:42,11.9700,3,11968.0000,10,S,11.9700,11.9600,11.9500,11.9400,11.9300,11.9800,11.9900,12.0000,12.0100,12.0200,988,1188,1570,767,795,1400,2903,4752,3112,2554
SZ,000001,2019-06-05 09:41:45,11.9700,11,210704.0000,176,S,11.9700,11.9600,11.9500,11.9400,11.9300,11.9800,11.9900,12.0000,12.0100,12.0200,904,1198,1570,767,795,1411,2908,4752,3110,2559
SZ,000001,2019-06-05 09:41:48,11.9800,8,311440.0000,260,B,11.9700,11.9600,11.9500,11.9400,11.9300,11.9800,11.9900,12.0000,12.0100,12.0200,859,1198,1570,767,795,1214,2913,4752,3110,2634
SZ,000001,2019-06-05 09:41:51,11.9700,10,347152.0000,290,S,11.9700,11.9600,11.9500,11.9400,11.9300,11.9800,11.9900,12.0000,12.0100,12.0200,614,1198,1570,767,795,1218,2915,4782,3113,2638
SZ,000001,2019-06-05 09:41:54,11.9700,5,22736.0000,19,S,11.9700,11.9600,11.9500,11.9400,11.9300,11.9800,11.9900,12.0000,12.0100,12.0200,674,1198,1570,767,795,1253,2925,4787,3113,2633
SZ,000001,2019-06-05 09:41:57,11.9700,7,268336.0000,224,S,11.9700,11.9600,11.9500,11.9400,11.9300,11.9800,11.9900,12.0000,12.0100,12.0200,666,1198,1570,767,795,1079,2864,4807,3113,2633
SZ,000001,2019-06-05 09:42:00,11.9700,9,113744.0000,95,S,11.9700,11.9600,11.9500,11.9400,11.9300,11.9800,11.9900,12.0000,12.0100,12.0200,604,1198,1570,767,795,1218,2869,4802,3113,2633
SZ,000001,2019-06-05 09:42:03,11.9700,5,125728.0000,105,S,11.9700,11.9600,11.9500,11.9400,11.9300,11.9800,11.9900,12.0000,12.0100,12.0200,540,1198,1571,767,795,1328,2870,4802,3113,2633
SZ,000001,2019-06-05 09:42:06,11.9700,10,112528.0000,94,S,11.9700,11.9600,11.9500,11.9400,11.9300,11.9800,11.9900,12.0000,12.0100,12.0200,462,1198,1571,767,795,1425,2903,4806,3113,2633
SZ,000001,2019-06-05 09:42:09,11.9700,8,229840.0000,192,S,11.9700,11.9600,11.9500,11.9400,11.9300,11.9800,11.9900,12.0000,12.0100,12.0200,290,1198,1571,767,795,1472,2903,4821,3103,2633
SZ,000001,2019-06-05 09:42:12,11.9600,34,709616.0000,593,S,11.9600,11.9500,11.9400,11.9300,11.9200,11.9700,11.9800,11.9900,12.0000,12.0100,950,2052,767,795,725,190,1459,2930,4817,3112
SZ,000001,2019-06-05 09:42:15,11.9700,2,227424.0000,190,B,11.9700,11.9600,11.9500,11.9400,11.9300,11.9800,11.9900,12.0000,12.0100,12.0200,169,1100,2062,767,795,1564,2872,4816,3182,2623
SZ,000001,2019-06-05 09:42:18,11.9700,7,209632.0000,175,S,11.9700,11.9600,11.9500,11.9400,11.9300,11.9800,11.9900,12.0000,12.0100,12.0200,162,1100,2062,767,795,1428,2880,4813,3195,2623
SZ,000001,2019-06-05 09:42:21,11.9800,4,29952.0000,25,B,11.9700,11.9600,11.9500,11.9400,11.9300,11.9800,11.9900,12.0000,12.0100,12.0200,157,1100,2062,767,795,1458,2880,4823,3215,2623
SZ,000001,2019-06-05 09:42:24,11.9700,4,19168.0000,16,S,11.9700,11.9600,11.9500,11.9400,11.9300,11.9800,11.9900,12.0000,12.0100,12.0200,159,1098,2062,767,795,1467,2880,4835,3215,2649
SZ,000001,2019-06-05 09:42:27,11.9800,16,273072.0000,228,B,11.9700,11.9600,11.9500,11.9400,11.9300,11.9800,11.9900,12.0000,12.0100,12.0200,98,1098,2062,774,795,1340,2905,4835,3215,2649
SZ,000001,2019-06-05 09:42:30,11.9800,4,68272.0000,57,B,11.9700,11.9600,11.9500,11.9400,11.9300,11.9800,11.9900,12.0000,12.0100,12.0200,120,1116,2060,774,795,1329,2905,5335,3215,2449
SZ,000001,2019-06-05 09:42:33,11.9700,17,368896.0000,308,S,11.9700,11.9600,11.9500,11.9400,11.9300,11.9800,11.9900,12.0000,12.0100,12.0200,454,968,2060,774,795,1136,2887,5344,3215,2479
SZ,000001,2019-06-05 09:42:36,11.9700,6,51472.0000,43,S,11.9700,11.9600,11.9500,11.9400,11.9300,11.9800,11.9900,12.0000,12.0100,12.0200,411,968,2060,774,931,1182,2895,5344,3215,2479
SZ,000001,2019-06-05 09:42:39,11.9800,68,1588544.0000,1326,B,11.9800,11.9700,11.9600,11.9500,11.9400,11.9900,12.0000,12.0100,12.0200,12.0300,307,460,968,2060,774,2924,5362,3220,2499,2328
SZ,000001,2019-06-05 09:42:42,11.9800,4,91056.0000,76,S,11.9800,11.9700,11.9600,11.9500,11.9400,11.9900,12.0000,12.0100,12.0200,12.0300,292,510,980,2060,774,2924,5398,3220,2498,2322
SZ,000001,2019-06-05 09:42:45,11.9900,7,352352.0000,294,B,11.9800,11.9700,11.9600,11.9500,11.9400,11.9900,12.0000,12.0100,12.0200,12.0300,462,205,980,2060,774,2778,5404,3220,2498,2322
SZ,000001,2019-06-05 09:42:48,11.9800,11,395392.0000,330,S,11.9800,11.9700,11.9600,11.9500,11.9400,11.9900,12.0000,12.0100,12.0200,12.0300,189,205,980,2060,774,2722,5440,3220,2498,2312
SZ,000001,2019-06-05 09:42:51,11.9800,3,64704.0000,54,S,11.9800,11.9700,11.9600,11.9500,11.9400,11.9900,12.0000,12.0100,12.0200,12.0300,151,205,980,2060,774,2730,5440,3220,2508,2312
SZ,000001,2019-06-05 09:42:54,11.9800,9,208464.0000,174,S,11.9700,11.9600,11.9500,11.9400,11.9300,11.9800,11.9900,12.0000,12.0100,12.0200,205,980,2060,774,933,455,2783,5444,3220,2508
SZ,000001,2019-06-05 09:42:57,11.9800,2,137776.0000,115,B,11.9700,11.9600,11.9500,11.9400,11.9300,11.9800,11.9900,12.0000,12.0100,12.0200,514,980,2060,774,933,454,2856,5453,3228,2548
SZ,000001,2019-06-05 09:43:00,11.9800,4,70656.0000,59,B,11.9700,11.9600,11.9500,11.9400,11.9300,11.9800,11.9900,12.0000,12.0100,12.0200,496,980,2060,774,933,419,2896,5450,3228,2548
SZ,000001,2019-06-05 09:43:03,11.9800,12,346016.0000,289,B,11.9700,11.9600,11.9500,11.9400,11.9300,11.9800,11.9900,12.0000,12.0100,12.0200,313,980,2060,774,933,380,2922,5450,3228,2548
SZ,000001,2019-06-05 09:43:06,11.9700,5,290912.0000,243,S,11.9700,11.9600,11.9500,11.9400,11.9300,11.9800,11.9900,12.0000,12.0100,12.0200,108,980,2060,774,933,455,2961,5501,3228,2558
SZ,000001,2019-06-05 09:43:09,11.9700,3,13168.0000,11,S,11.9700,11.9600,11.9500,11.9400,11.9300,11.9800,11.9900,12.0000,12.0100,12.0200,242,980,2060,774,933,480,2973,5521,3228,2558
SZ,000001,2019-06-05 09:43:12,11.9700,7,52672.0000,44,S,11.9700,11.9600,11.9500,11.9400,11.9300,11.9800,11.9900,12.0000,12.0100,12.0200,414,980,2061,774,951,564,2973,5521,3228,2558
SZ,000001,2019-06-05 09:43:15,11.9700,5,33520.0000,28,S,11.9700,11.9600,11.9500,11.9400,11.9300,11.9800,11.9900,12.0000,12.0100,12.0200,390,980,2061,774,951,659,3000,5531,3228,2578
SZ,000001,2019-06-05 09:43:18,11.9800,8,103024.0000,86,B,11.9700,11.9600,11.9500,11.9400,11.9300,11.9800,11.9900,12.0000,12.0100,12.0200,383,982,2076,774,951,634,3006,5531,3230,3383
SZ,000001,2019-06-05 09:43:21,11.9700,7,46688.0000,39,S,11.9700,11.9600,11.9500,11.9400,11.9300,11.9800,11.9900,12.0000,12.0100,12.0200,372,964,2076,774,951,731,3016,5537,3230,3383
SZ,000001,2019-06-05 09:43:24,11.9700,4,27552.0000,23,S,11.9700,11.9600,11.9500,11.9400,11.9300,11.9800,11.9900,12.0000,12.0100,12.0200,391,988,2086,774,951,732,3016,5547,3230,3383
SZ,000001,2019-06-05 09:43:27,11.9700,25,547376.0000,457,S,11.9700,11.9600,11.9500,11.9400,11.9300,11.9800,11.9900,12.0000,12.0100,12.0200,334,998,2086,774,951,468,3025,5547,3230,3391
SZ,000001,2019-06-05 09:43:30,11.9800,7,131728.0000,110,B,11.9700,11.9600,11.9500,11.9400,11.9300,11.9800,11.9900,12.0000,12.0100,12.0200,269,998,2100,774,951,459,3014,5547,3230,3394
SZ,000001,2019-06-05 09:43:33,11.9800,7,226320.0000,189,B,11.9700,11.9600,11.9500,11.9400,11.9300,11.9800,11.9900,12.0000,12.0100,12.0200,255,1003,2100,774,969,391,3007,5572,3230,3394
SZ,000001,2019-06-05 09:43:36,11.9800,8,134144.0000,112,B,11.9700,11.9600,11.9500,11.9400,11.9300,11.9800,11.9900,12.0000,12.0100,12.0200,239,1003,2100,774,969,646,3006,5555,3230,3394
SZ,000001,2019-06-05 09:43:39,11.9700,1,1200.0000,1,S,11.9700,11.9600,11.9500,11.9400,11.9300,11.9800,11.9900,12.0000,12.0100,12.0200,238,1003,2100,774,969,758,3021,5564,3230,3394
SZ,000001,2019-06-05 09:43:42,11.9700,22,211888.0000,177,S,11.9700,11.9600,11.9500,11.9400,11.9300,11.9800,11.9900,12.0000,12.0100,12.0200,113,1003,2126,774,969,844,3511,5564,3202,3394
SZ,000001,2019-06-05 09:43:45,11.9700,1,21552.0000,18,S,11.9700,11.9600,11.9500,11.9400,11.9300,11.9800,11.9900,12.0000,12.0100,12.0200,98,1003,2126,774,969,1152,3511,5623,3202,3394
SZ,000001,2019-06-05 09:43:48,11.9700,31,346112.0000,289,S,11.9700,11.9600,11.9500,11.9400,11.9300,11.9800,11.9900,12.0000,12.0100,12.0200,97,1003,2126,774,969,1369,5346,5579,3202,3394
SZ,000001,2019-06-05 09:43:51,11.9700,2,135264.0000,113,S,11.9600,11.9500,11.9400,11.9300,11.9200,11.9700,11.9800,11.9900,12.0000,12.0100,1003,2126,774,969,777,57,1390,5346,5609,3234
SZ,000001,2019-06-05 09:43:54,11.9700,4,71824.0000,60,B,11.9600,11.9500,11.9400,11.9300,11.9200,11.9700,11.9800,11.9900,12.0000,12.0100,1106,2126,774,969,777,208,2100,5371,5611,3234
SZ,000001,2019-06-05 09:43:57,11.9600,5,136448.0000,114,S,11.9600,11.9500,11.9400,11.9300,11.9200,11.9700,11.9800,11.9900,12.0000,12.0100,1102,2126,774,969,777,391,2210,5371,5616,3193
SZ,000001,2019-06-05 09:44:00,11.9600,2,21552.0000,18,S,11.9600,11.9500,11.9400,11.9300,11.9200,11.9700,11.9800,11.9900,12.0000,12.0100,1098,2208,774,969,777,550,2259,5401,5631,2210
SZ,000001,2019-06-05 09:44:03,11.9600,3,44272.0000,37,S,11.9600,11.9500,11.9400,11.9300,11.9200,11.9700,11.9800,11.9900,12.0000,12.0100,1083,2208,764,969,777,704,2287,5396,5633,2210
SZ,000001,2019-06-05 09:44:06,11.9700,4,21520.0000,18,B,11.9600,11.9500,11.9400,11.9300,11.9200,11.9700,11.9800,11.9900,12.0000,12.0100,1067,2208,764,969,777,745,2297,5396,5633,2210
SZ,000001,2019-06-05 09:44:09,11.9600,2,20336.0000,17,S,11.9600,11.9500,11.9400,11.9300,11.9200,11.9700,11.9800,11.9900,12.0000,12.0100,1026,2210,770,969,787,704,2402,5406,5609,2230
SZ,000001,2019-06-05 09:44:12,11.9700,2,67024.0000,56,B,11.9600,11.9500,11.9400,11.9300,11.9200,11.9700,11.9800,11.9900,12.0000,12.0100,1023,2210,770,969,787,628,2402,5381,5644,2230
SZ,000001,2019-06-05 09:44:15,11.9600,10,90912.0000,76,S,11.9600,11.9500,11.9400,11.9300,11.9200,11.9700,11.9800,11.9900,12.0000,12.0100,962,2210,770,969,787,645,2402,5381,5644,2230
SZ,000001,2019-06-05 09:44:18,11.9700,28,637840.0000,533,B,11.9600,11.9500,11.9400,11.9300,11.9200,11.9700,11.9800,11.9900,12.0000,12.0100,829,2210,770,969,787,337,2391,5381,5639,2160
SZ,000001,2019-06-05 09:44:21,11.9700,9,112528.0000,94,B,11.9600,11.9500,11.9400,11.9300,11.9200,11.9700,11.9800,11.9900,12.0000,12.0100,840,2210,770,969,787,1367,2371,5381,5662,2160
SZ,000001,2019-06-05 09:44:24,11.9700,8,68192.0000,57,B,11.9600,11.9500,11.9400,11.9300,11.9200,11.9700,11.9800,11.9900,12.0000,12.0100,810,2210,770,969,787,1348,2376,5389,5667,2160
SZ,000001,2019-06-05 09:44:27,11.9600,13,222560.0000,186,S,11.9600,11.9500,11.9400,11.9300,11.9200,11.9700,11.9800,11.9900,12.0000,12.0100,734,2210,770,969,787,1296,2458,5425,5687,2190
SZ,000001,2019-06-05 09:44:30,11.9600,5,107728.0000,90,S,11.9600,11.9500,11.9400,11.9300,11.9200,11.9700,11.9800,11.9900,12.0000,12.0100,831,2210,770,969,790,1213,2462,5417,5760,2190
SZ,000001,2019-06-05 09:44:33,11.9700,8,41888.0000,35,B,11.9600,11.9500,11.9400,11.9300,11.9200,11.9700,11.9800,11.9900,12.0000,12.0100,981,2210,770,969,790,1247,2521,5512,5760,2198
SZ,000001,2019-06-05 09:44:36,11.9700,5,521888.0000,436,B,11.9600,11.9500,11.9400,11.9300,11.9200,11.9700,11.9800,11.9900,12.0000,12.0100,973,2210,770,969,769,859,2283,5504,5735,2198
SZ,000001,2019-06-05 09:44:39,11.9700,5,178336.0000,149,B,11.9600,11.9500,11.9400,11.9300,11.9200,11.9700,11.9800,11.9900,12.0000,12.0100,982,2210,770,969,769,742,2289,5004,5745,2198
SZ,000001,2019-06-05 09:44:42,11.9700,2,7184.0000,6,B,11.9600,11.9500,11.9400,11.9300,11.9200,11.9700,11.9800,11.9900,12.0000,12.0100,993,2210,720,969,770,1251,2181,5049,5745,2198
SZ,000001,2019-06-05 09:44:45,11.9600,6,288240.0000,241,S,11.9600,11.9500,11.9400,11.9300,11.9200,11.9700,11.9800,11.9900,12.0000,12.0100,751,2213,720,969,770,1251,1975,5049,5757,2198
SZ,000001,2019-06-05 09:44:48,11.9600,8,220208.0000,184,S,11.9600,11.9500,11.9400,11.9300,11.9200,11.9700,11.9800,11.9900,12.0000,12.0100,769,2213,720,969,770,1329,1992,5049,5757,2198
SZ,000001,2019-06-05 09:44:51,11.9600,9,198672.0000,166,S,11.9600,11.9500,11.9400,11.9300,11.9200,11.9700,11.9800,11.9900,12.0000,12.0100,850,2213,720,969,770,1582,2027,5049,5716,2198
SZ,000001,2019-06-05 09:44:54,11.9600,3,64592.0000,54,S,11.9600,11.9500,11.9400,11.9300,11.9200,11.9700,11.9800,11.9900,12.0000,12.0100,800,2213,720,969,770,1720,2068,5069,5697,2198
SZ,000001,2019-06-05 09:44:57,11.9600,3,153200.0000,128,S,11.9600,11.9500,11.9400,11.9300,11.9200,11.9700,11.9800,11.9900,12.0000,12.0100,794,2213,720,969,800,1610,2116,5069,5697,2198
SZ,000001,2019-06-05 09:45:00,11.9600,6,153088.0000,128,S,11.9600,11.9500,11.9400,11.9300,11.9200,11.9700,11.9800,11.9900,12.0000,12.0100,666,2213,670,968,893,1677,2147,5069,5736,2198
SZ,000001,2019-06-05 09:45:03,11.9700,7,57456.0000,48,B,11.9600,11.9500,11.9400,11.9300,11.9200,11.9700,11.9800,11.9900,12.0000,12.0100,673,2213,670,968,893,1630,2256,5075,5731,2208
SZ,000001,2019-06-05 09:45:06,11.9600,46,1118256.0000,935,S,11.9500,11.9400,11.9300,11.9200,11.9100,11.9600,11.9700,11.9800,11.9900,12.0000,2210,672,958,893,1718,96,1672,2256,5075,5731
SZ,000001,2019-06-05 09:45:09,11.9600,8,162656.0000,136,B,11.9500,11.9400,11.9300,11.9200,11.9100,11.9600,11.9700,11.9800,11.9900,12.0000,2246,672,958,893,1718,960,1672,2263,5075,5721
SZ,000001,2019-06-05 09:45:12,11.9600,3,25120.0000,21,B,11.9500,11.9400,11.9300,11.9200,11.9100,11.9600,11.9700,11.9800,11.9900,12.0000,2536,672,958,893,1718,939,1672,2302,5075,5721
SZ,000001,2019-06-05 09:45:15,11.9500,3,95600.0000,80,S,11.9500,11.9400,11.9300,11.9200,11.9100,11.9600,11.9700,11.9800,11.9900,12.0000,2458,672,958,893,1718,991,1721,2257,5075,5721
SZ,000001,2019-06-05 09:45:18,11.9600,5,429328.0000,359,B,11.9500,11.9400,11.9300,11.9200,11.9100,11.9600,11.9700,11.9800,11.9900,12.0000,2480,672,958,883,1718,703,1721,2279,5075,5731
SZ,000001,2019-06-05 09:45:21,11.9600,12,187728.0000,157,B,11.9500,11.9400,11.9300,11.9200,11.9100,11.9600,11.9700,11.9800,11.9900,12.0000,2431,672,958,790,1718,670,1731,2277,5075,5714
SZ,000001,2019-06-05 09:45:24,11.9600,22,831216.0000,695,B,11.9600,11.9500,11.9400,11.9300,11.9200,11.9700,11.9800,11.9900,12.0000,12.0100,62,2433,672,958,790,1731,2307,5075,5723,2208
SZ,000001,2019-06-05 09:45:27,11.9700,15,167552.0000,140,B,11.9600,11.9500,11.9400,11.9300,11.9200,11.9700,11.9800,11.9900,12.0000,12.0100,62,2411,672,958,790,1608,2308,5075,5723,2208
SZ,000001,2019-06-05 09:45:30,11.9600,28,464160.0000,388,S,11.9600,11.9500,11.9400,11.9300,11.9200,11.9700,11.9800,11.9900,12.0000,12.0100,59,2181,682,958,790,1485,2310,4995,5723,2208
SZ,000001,2019-06-05 09:45:33,11.9600,9,87312.0000,73,S,11.9500,11.9400,11.9300,11.9200,11.9100,11.9600,11.9700,11.9800,11.9900,12.0000,2178,682,958,795,1718,12,1511,2310,4995,5690
SZ,000001,2019-06-05 09:45:36,11.9700,3,39488.0000,33,B,11.9600,11.9500,11.9400,11.9300,11.9200,11.9700,11.9800,11.9900,12.0000,12.0100,135,2387,682,958,795,1915,2310,4995,5681,2210
SZ,000001,2019-06-05 09:45:39,11.9600,22,184192.0000,154,S,11.9600,11.9500,11.9400,11.9300,11.9200,11.9700,11.9800,11.9900,12.0000,12.0100,6,2426,682,958,796,1941,2310,4995,5807,2220
SZ,000001,2019-06-05 09:45:42,11.9600,8,125584.0000,105,S,11.9600,11.9500,11.9400,11.9300,11.9200,11.9700,11.9800,11.9900,12.0000,12.0100,61,2203,382,958,835,1952,2313,4713,5807,2221
SZ,000001,2019-06-05 09:45:45,11.9600,7,180592.0000,151,S,11.9500,11.9400,11.9300,11.9200,11.9100,11.9600,11.9700,11.9800,11.9900,12.0000,2203,382,958,835,1718,761,1975,2267,5013,5792
SZ,000001,2019-06-05 09:45:48,11.9600,5,147120.0000,123,B,11.9500,11.9400,11.9300,11.9200,11.9100,11.9600,11.9700,11.9800,11.9900,12.0000,2184,392,958,885,1718,638,1975,2263,5013,5814
SZ,000001,2019-06-05 09:45:51,11.9600,8,259520.0000,217,B,11.9500,11.9400,11.9300,11.9200,11.9100,11.9600,11.9700,11.9800,11.9900,12.0000,2175,392,958,885,1718,570,1983,2263,5050,4148
SZ,000001,2019-06-05 09:45:54,11.9600,5,102848.0000,86,B,11.9500,11.9400,11.9300,11.9200,11.9100,11.9600,11.9700,11.9800,11.9900,12.0000,2176,412,958,885,1718,508,1983,2268,5056,4148
SZ,000001,2019-06-05 09:45:57,11.9500,5,306176.0000,256,S,11.9500,11.9400,11.9300,11.9200,11.9100,11.9600,11.9700,11.9800,11.9900,12.0000,2241,412,958,885,1718,478,1977,1968,5056,4153
SZ,000001,2019-06-05 09:46:00,11.9600,10,165040.0000,138,B,11.9500,11.9400,11.9300,11.9200,11.9100,11.9600,11.9700,11.9800,11.9900,12.0000,2383,412,958,905,1718,753,1779,1968,5056,4142
SZ,000001,2019-06-05 09:46:03,11.9600,19,904176.0000,756,B,11.9600,11.9500,11.9400,11.9300,11.9200,11.9700,11.9800,11.9900,12.0000,12.0100,32,2400,462,958,911,1779,1968,5056,4142,2191
SZ,000001,2019-06-05 09:46:09,11.9600,3,13152.0000,11,S,11.9600,11.9500,11.9400,11.9300,11.9200,11.9700,11.9800,11.9900,12.0000,12.0100,249,2282,462,958,911,1777,2058,5076,4147,2191
SZ,000001,2019-06-05 09:46:12,11.9600,14,71760.0000,60,S,11.9600,11.9500,11.9400,11.9300,11.9200,11.9700,11.9800,11.9900,12.0000,12.0100,209,2282,462,1008,911,1479,2088,5076,4147,2191
SZ,000001,2019-06-05 09:46:15,11.9600,2,5984.0000,5,S,11.9600,11.9500,11.9400,11.9300,11.9200,11.9700,11.9800,11.9900,12.0000,12.0100,229,2297,462,1008,911,1507,2088,5093,4147,2191
SZ,000001,2019-06-05 09:46:18,11.9700,19,430592.0000,360,B,11.9600,11.9500,11.9400,11.9300,11.9200,11.9700,11.9800,11.9900,12.0000,12.0100,16,2297,462,1008,911,1487,2088,5093,4167,2191
SZ,000001,2019-06-05 09:46:21,11.9600,8,288448.0000,241,S,11.9600,11.9500,11.9400,11.9300,11.9200,11.9700,11.9800,11.9900,12.0000,12.0100,50,2317,462,1008,911,1791,2098,5093,4159,2183
SZ,000001,2019-06-05 09:46:24,11.9700,5,78960.0000,66,B,11.9600,11.9500,11.9400,11.9300,11.9200,11.9700,11.9800,11.9900,12.0000,12.0100,162,2317,512,1008,911,1832,2083,4987,4079,2183
SZ,000001,2019-06-05 09:46:27,11.9700,1,2384.0000,2,B,11.9600,11.9500,11.9400,11.9300,11.9200,11.9700,11.9800,11.9900,12.0000,12.0100,213,2169,512,1008,911,1831,2085,4987,4079,2183
SZ,000001,2019-06-05 09:46:30,11.9600,16,396112.0000,331,S,11.9600,11.9500,11.9400,11.9300,11.9200,11.9700,11.9800,11.9900,12.0000,12.0100,150,2158,512,1018,911,1589,2067,4987,4079,2183
SZ,000001,2019-06-05 09:46:33,11.9700,3,58656.0000,49,B,11.9600,11.9500,11.9400,11.9300,11.9200,11.9700,11.9800,11.9900,12.0000,12.0100,308,2158,512,1018,911,1608,2062,4987,4109,2191
SZ,000001,2019-06-05 09:46:36,11.9700,15,302624.0000,253,B,11.9600,11.9500,11.9400,11.9300,11.9200,11.9700,11.9800,11.9900,12.0000,12.0100,102,2158,512,1018,911,1609,2062,4987,4112,2191
SZ,000001,2019-06-05 09:46:39,11.9700,6,51472.0000,43,B,11.9600,11.9500,11.9400,11.9300,11.9200,11.9700,11.9800,11.9900,12.0000,12.0100,219,2158,512,1018,911,1572,2062,4987,4120,2191
SZ,000001,2019-06-05 09:46:42,11.9700,12,273968.0000,229,B,11.9600,11.9500,11.9400,11.9300,11.9200,11.9700,11.9800,11.9900,12.0000,12.0100,145,2158,512,1018,905,1522,2062,4993,4162,2191
SZ,000001,2019-06-05 09:46:45,11.9600,6,37104.0000,31,S,11.9600,11.9500,11.9400,11.9300,11.9200,11.9700,11.9800,11.9900,12.0000,12.0100,156,2171,512,1018,905,1508,2562,4990,4142,2191
SZ,000001,2019-06-05 09:46:48,11.9700,8,248912.0000,208,B,11.9600,11.9500,11.9400,11.9300,11.9200,11.9700,11.9800,11.9900,12.0000,12.0100,217,2171,512,1018,905,1365,2601,4990,4142,2191
SZ,000001,2019-06-05 09:46:51,11.9600,22,388800.0000,325,S,11.9500,11.9400,11.9300,11.9200,11.9100,11.9600,11.9700,11.9800,11.9900,12.0000,2171,512,1023,905,1735,17,1373,2626,4990,4129
SZ,000001,2019-06-05 09:46:54,11.9600,1,1200.0000,1,B,11.9500,11.9400,11.9300,11.9200,11.9100,11.9600,11.9700,11.9800,11.9900,12.0000,2290,512,1023,905,1735,16,1393,2626,4990,4129
SZ,000001,2019-06-05 09:46:57,11.9500,8,89680.0000,75,S,11.9500,11.9400,11.9300,11.9200,11.9100,11.9600,11.9700,11.9800,11.9900,12.0000,2244,512,1023,905,1735,1,1481,2626,5017,4129
SZ,000001,2019-06-05 09:47:00,11.9600,12,167552.0000,140,B,11.9500,11.9400,11.9300,11.9200,11.9100,11.9600,11.9700,11.9800,11.9900,12.0000,2241,512,1023,905,1735,44,1433,2611,5017,4133
SZ,000001,2019-06-05 09:47:03,11.9600,5,110032.0000,92,B,11.9600,11.9500,11.9400,11.9300,11.9200,11.9700,11.9800,11.9900,12.0000,12.0100,39,2241,512,1023,905,1453,2611,5042,4133,2191
SZ,000001,2019-06-05 09:47:06,11.9600,3,17936.0000,15,S,11.9600,11.9500,11.9400,11.9300,11.9200,11.9700,11.9800,11.9900,12.0000,12.0100,76,2277,512,1023,905,1495,2611,5042,4133,2191
SZ,000001,2019-06-05 09:47:09,11.9600,6,58624.0000,49,S,11.9600,11.9500,11.9400,11.9300,11.9200,11.9700,11.9800,11.9900,12.0000,12.0100,59,2317,512,1023,905,1467,2611,5042,4129,2191
SZ,000001,2019-06-05 09:47:12,11.9700,17,249968.0000,209,B,11.9500,11.9400,11.9300,11.9200,11.9100,11.9600,11.9700,11.9800,11.9900,12.0000,2312,512,1023,905,1735,90,1663,2611,5042,4213
SZ,000001,2019-06-05 09:47:15,11.9500,3,94432.0000,79,S,11.9500,11.9400,11.9300,11.9200,11.9100,11.9600,11.9700,11.9800,11.9900,12.0000,2259,512,1023,905,1735,142,1867,2611,5042,4215
SZ,000001,2019-06-05 09:47:18,11.9700,15,324160.0000,271,B,11.9500,11.9400,11.9300,11.9200,11.9100,11.9700,11.9800,11.9900,12.0000,12.0100,2423,612,1023,905,1735,1774,2611,5042,4225,2191
SZ,000001,2019-06-05 09:47:21,11.9600,6,92144.0000,77,S,11.9600,11.9500,11.9400,11.9300,11.9200,11.9700,11.9800,11.9900,12.0000,12.0100,40,2445,612,1023,905,1767,2611,5109,4225,2191
SZ,000001,2019-06-05 09:47:24,11.9700,8,132768.0000,111,B,11.9600,11.9500,11.9400,11.9300,11.9200,11.9700,11.9800,11.9900,12.0000,12.0100,169,2285,612,1023,905,1667,2601,5109,4215,2191
SZ,000001,2019-06-05 09:47:27,11.9700,4,14352.0000,12,B,11.9600,11.9500,11.9400,11.9300,11.9200,11.9700,11.9800,11.9900,12.0000,12.0100,188,2285,612,1023,925,1690,2539,5109,4230,2193
SZ,000001,2019-06-05 09:47:30,11.9600,20,560080.0000,468,S,11.9600,11.9500,11.9400,11.9300,11.9200,11.9700,11.9800,11.9900,12.0000,12.0100,102,2285,612,1023,925,1364,2539,5109,4230,2193
SZ,000001,2019-06-05 09:47:33,11.9700,14,153104.0000,128,B,11.9600,11.9500,11.9400,11.9300,11.9200,11.9700,11.9800,11.9900,12.0000,12.0100,34,2280,612,1026,925,1344,2539,5109,4104,2193
SZ,000001,2019-06-05 09:47:36,11.9600,1,2400.0000,2,S,11.9600,11.9500,11.9400,11.9300,11.9200,11.9700,11.9800,11.9900,12.0000,12.0100,47,2277,612,1026,925,1344,2587,5109,4104,2193
SZ,000001,2019-06-05 09:47:39,11.9700,10,62192.0000,52,B,11.9600,11.9500,11.9400,11.9300,11.9200,11.9700,11.9800,11.9900,12.0000,12.0100,204,2327,612,1018,925,1349,2592,5109,4104,2193
SZ,000001,2019-06-05 09:47:42,11.9700,6,33488.0000,28,B,11.9600,11.9500,11.9400,11.9300,11.9200,11.9700,11.9800,11.9900,12.0000,12.0100,190,2311,612,1018,925,1373,2637,5109,4110,2213
SZ,000001,2019-06-05 09:47:45,11.9600,11,686384.0000,574,S,11.9500,11.9400,11.9300,11.9200,11.9100,11.9600,11.9700,11.9800,11.9900,12.0000,2157,612,1018,925,1734,600,1359,2637,5094,4110
SZ,000001,2019-06-05 09:47:48,11.9500,8,306080.0000,256,S,11.9500,11.9400,11.9300,11.9200,11.9100,11.9600,11.9700,11.9800,11.9900,12.0000,2439,612,1018,925,1734,518,2030,2763,5095,4110
SZ,000001,2019-06-05 09:47:51,11.9600,4,110032.0000,92,B,11.9500,11.9400,11.9300,11.9200,11.9100,11.9600,11.9700,11.9800,11.9900,12.0000,2439,612,1018,925,1734,436,2044,2763,5095,4110
SZ,000001,2019-06-05 09:47:54,11.9500,8,651472.0000,545,S,11.9500,11.9400,11.9300,11.9200,11.9100,11.9600,11.9700,11.9800,11.9900,12.0000,2111,745,1018,925,1734,343,2090,2763,5095,4110
SZ,000001,2019-06-05 09:47:57,11.9600,6,309696.0000,259,B,11.9500,11.9400,11.9300,11.9200,11.9100,11.9600,11.9700,11.9800,11.9900,12.0000,2052,745,943,937,1734,168,1931,2763,5089,4110
SZ,000001,2019-06-05 09:48:00,11.9600,12,343248.0000,287,B,11.9500,11.9400,11.9300,11.9200,11.9100,11.9600,11.9700,11.9800,11.9900,12.0000,2076,745,943,937,1734,76,1883,2763,5083,4110
SZ,000001,2019-06-05 09:48:03,11.9700,9,153120.0000,128,B,11.9600,11.9500,11.9400,11.9300,11.9200,11.9700,11.9800,11.9900,12.0000,12.0100,102,2240,745,943,987,1868,2763,5083,4090,2203
SZ,000001,2019-06-05 09:48:06,11.9600,5,29904.0000,25,S,11.9600,11.9500,11.9400,11.9300,11.9200,11.9700,11.9800,11.9900,12.0000,12.0100,436,1711,745,943,987,2947,2869,5083,4090,2203
SZ,000001,2019-06-05 09:48:09,11.9600,21,805968.0000,674,S,11.9500,11.9400,11.9300,11.9200,11.9100,11.9600,11.9700,11.9800,11.9900,12.0000,1465,745,943,987,1740,700,2927,2869,5083,4090
SZ,000001,2019-06-05 09:48:12,11.9600,3,32288.0000,27,B,11.9500,11.9400,11.9300,11.9200,11.9100,11.9600,11.9700,11.9800,11.9900,12.0000,1568,739,943,987,1740,1753,3228,2869,5083,4090
SZ,000001,2019-06-05 09:48:15,11.9600,2,4784.0000,4,B,11.9500,11.9400,11.9300,11.9200,11.9100,11.9600,11.9700,11.9800,11.9900,12.0000,1569,749,943,987,1740,1811,3238,2869,5081,4113
SZ,000001,2019-06-05 09:48:18,11.9500,2,53808.0000,45,S,11.9500,11.9400,11.9300,11.9200,11.9100,11.9600,11.9700,11.9800,11.9900,12.0000,1542,758,943,991,1740,1911,3216,2886,5036,4062
SZ,000001,2019-06-05 09:48:21,11.9600,7,285808.0000,239,B,11.9500,11.9400,11.9300,11.9200,11.9100,11.9600,11.9700,11.9800,11.9900,12.0000,1502,758,943,991,1740,1733,3107,2886,5036,4041
SZ,000001,2019-06-05 09:48:24,11.9600,5,71760.0000,60,B,11.9500,11.9400,11.9300,11.9200,11.9100,11.9600,11.9700,11.9800,11.9900,12.0000,1526,758,943,1011,1740,1695,3123,2896,5036,4041
SZ,000001,2019-06-05 09:48:27,11.9500,45,1218912.0000,1020,S,11.9500,11.9400,11.9300,11.9200,11.9100,11.9600,11.9700,11.9800,11.9900,12.0000,522,758,943,1011,1740,1711,3171,2896,4986,4041
SZ,000001,2019-06-05 09:48:30,11.9500,39,989808.0000,828,S,11.9500,11.9400,11.9300,11.9200,11.9100,11.9600,11.9700,11.9800,11.9900,12.0000,32,758,943,1011,1740,1394,3171,2896,4970,4041
SZ,000001,2019-06-05 09:48:33,11.9500,8,43008.0000,36,S,11.9400,11.9300,11.9200,11.9100,11.9000,11.9500,11.9600,11.9700,11.9800,11.9900,758,943,1020,1740,1599,12,1505,3171,2926,5180
SZ,000001,2019-06-05 09:48:36,11.9500,1,14352.0000,12,B,11.9400,11.9300,11.9200,11.9100,11.9000,11.9500,11.9600,11.9700,11.9800,11.9900,864,943,1020,1740,1599,487,1508,3154,2926,5180
SZ,000001,2019-06-05 09:48:39,11.9500,5,45408.0000,38,B,11.9400,11.9300,11.9200,11.9100,11.9000,11.9500,11.9600,11.9700,11.9800,11.9900,893,943,1020,1740,1599,578,1589,3165,2926,5180
SZ,000001,2019-06-05 09:48:42,11.9500,2,21504.0000,18,B,11.9400,11.9300,11.9200,11.9100,11.9000,11.9500,11.9600,11.9700,11.9800,11.9900,893,943,1020,1740,1599,583,1594,3157,2926,5200
SZ,000001,2019-06-05 09:48:45,11.9500,8,118256.0000,99,B,11.9400,11.9300,11.9200,11.9100,11.9000,11.9500,11.9600,11.9700,11.9800,11.9900,849,943,1020,1740,1599,615,1616,3162,2926,5038
SZ,000001,2019-06-05 09:48:48,11.9500,9,136240.0000,114,B,11.9400,11.9300,11.9200,11.9100,11.9000,11.9500,11.9600,11.9700,11.9800,11.9900,950,943,1020,1740,1599,611,1616,3162,2866,5009
SZ,000001,2019-06-05 09:48:51,11.9400,38,1252688.0000,1049,S,11.9400,11.9300,11.9200,11.9100,11.9000,11.9500,11.9600,11.9700,11.9800,11.9900,84,943,1020,1740,1607,737,1616,3072,2866,5009
SZ,000001,2019-06-05 09:48:54,11.9300,9,161152.0000,135,S,11.9300,11.9200,11.9100,11.9000,11.8900,11.9400,11.9500,11.9600,11.9700,11.9800,903,1020,1740,1607,657,30,737,1616,3106,2821
SZ,000001,2019-06-05 09:48:57,11.9400,2,13120.0000,11,B,11.9300,11.9200,11.9100,11.9000,11.8900,11.9400,11.9500,11.9600,11.9700,11.9800,908,1020,1740,1607,657,69,754,1920,3058,2821
SZ,000001,2019-06-05 09:49:00,11.9500,12,346320.0000,290,B,11.9400,11.9300,11.9200,11.9100,11.9000,11.9500,11.9600,11.9700,11.9800,11.9900,3,956,1020,1740,1607,713,1920,3058,2845,5009
SZ,000001,2019-06-05 09:49:03,11.9400,10,65680.0000,55,S,11.9300,11.9200,11.9100,11.9000,11.8900,11.9400,11.9500,11.9600,11.9700,11.9800,963,1020,1740,1607,657,69,741,1919,3138,2845
SZ,000001,2019-06-05 09:49:06,11.9500,16,647408.0000,542,B,11.9300,11.9200,11.9100,11.9000,11.8900,11.9500,11.9600,11.9700,11.9800,11.9900,1027,1020,1740,1607,657,503,1907,3086,2845,5019
SZ,000001,2019-06-05 09:49:09,11.9300,3,23872.0000,20,S,11.9300,11.9200,11.9100,11.9000,11.8900,11.9400,11.9500,11.9600,11.9700,11.9800,1027,1020,1740,1607,657,151,519,1857,3086,2845
SZ,000001,2019-06-05 09:49:12,11.9400,4,14320.0000,12,B,11.9300,11.9200,11.9100,11.9000,11.8900,11.9400,11.9500,11.9600,11.9700,11.9800,1015,1030,1740,1607,657,152,536,1777,3086,2845
SZ,000001,2019-06-05 09:49:18,11.9300,2,23872.0000,20,S,11.9300,11.9200,11.9100,11.9000,11.8900,11.9400,11.9500,11.9600,11.9700,11.9800,1056,974,1747,1633,647,163,536,1775,3086,2845
SZ,000001,2019-06-05 09:49:21,11.9400,18,500464.0000,419,B,11.9300,11.9200,11.9100,11.9000,11.8900,11.9400,11.9500,11.9600,11.9700,11.9800,1023,974,1747,1633,647,1,364,1785,3086,2869
SZ,000001,2019-06-05 09:49:24,11.9300,8,94256.0000,79,S,11.9300,11.9200,11.9100,11.9000,11.8900,11.9400,11.9500,11.9600,11.9700,11.9800,971,974,1757,1662,639,83,364,1785,3086,2869
SZ,000001,2019-06-05 09:49:27,11.9400,10,106192.0000,89,B,11.9300,11.9200,11.9100,11.9000,11.8900,11.9400,11.9500,11.9600,11.9700,11.9800,903,1024,1757,1662,639,124,367,1785,3086,2869
SZ,000001,2019-06-05 09:49:30,11.9500,13,401376.0000,336,B,11.9300,11.9200,11.9100,11.9000,11.8900,11.9400,11.9500,11.9600,11.9700,11.9800,893,1024,1757,1662,639,15,176,1782,3086,2869
SZ,000001,2019-06-05 09:49:33,11.9400,8,38192.0000,32,B,11.9300,11.9200,11.9100,11.9000,11.8900,11.9400,11.9500,11.9600,11.9700,11.9800,972,1024,1757,1652,639,112,191,1782,3086,2864
SZ,000001,2019-06-05 09:49:36,11.9400,7,149248.0000,125,B,11.9400,11.9300,11.9200,11.9100,11.9000,11.9500,11.9600,11.9700,11.9800,11.9900,45,968,1294,1757,1659,209,1782,3086,2864,5020
SZ,000001,2019-06-05 09:49:39,11.9400,3,11936.0000,10,S,11.9400,11.9300,11.9200,11.9100,11.9000,11.9500,11.9600,11.9700,11.9800,11.9900,508,797,1294,1757,1659,234,1782,3086,2884,5042
SZ,000001,2019-06-05 09:49:42,11.9500,1,1200.0000,1,B,11.9400,11.9300,11.9200,11.9100,11.9000,11.9500,11.9600,11.9700,11.9800,11.9900,516,789,1329,1757,1659,233,1782,3109,2844,5138
SZ,000001,2019-06-05 09:49:45,11.9400,9,48976.0000,41,S,11.9400,11.9300,11.9200,11.9100,11.9000,11.9500,11.9600,11.9700,11.9800,11.9900,489,793,1329,1757,1659,224,1796,3087,2844,5128
SZ,000001,2019-06-05 09:49:48,11.9400,4,11936.0000,10,S,11.9400,11.9300,11.9200,11.9100,11.9000,11.9500,11.9600,11.9700,11.9800,11.9900,492,787,1329,1757,1659,280,1836,3087,2844,5128
SZ,000001,2019-06-05 09:49:51,11.9500,12,238928.0000,200,B,11.9400,11.9300,11.9200,11.9100,11.9000,11.9500,11.9600,11.9700,11.9800,11.9900,435,783,1329,1757,1659,355,1865,3107,2844,5128
SZ,000001,2019-06-05 09:49:54,11.9500,13,89616.0000,75,B,11.9400,11.9300,11.9200,11.9100,11.9000,11.9500,11.9600,11.9700,11.9800,11.9900,425,783,1339,1757,1659,331,1885,3089,2869,5128
SZ,000001,2019-06-05 09:49:57,11.9400,13,149296.0000,125,S,11.9400,11.9300,11.9200,11.9100,11.9000,11.9500,11.9600,11.9700,11.9800,11.9900,355,783,1361,1757,1659,286,1885,3074,2889,5128
SZ,000001,2019-06-05 09:50:00,11.9400,11,510080.0000,427,S,11.9400,11.9300,11.9200,11.9100,11.9000,11.9500,11.9600,11.9700,11.9800,11.9900,164,792,1357,1757,1659,104,1889,3079,2889,5128
SZ,000001,2019-06-05 09:50:03,11.9400,6,120608.0000,101,S,11.9400,11.9300,11.9200,11.9100,11.9000,11.9500,11.9600,11.9700,11.9800,11.9900,104,912,1357,1757,1709,159,1894,3089,2889,5128
SZ,000001,2019-06-05 09:50:06,11.9500,3,10752.0000,9,B,11.9400,11.9300,11.9200,11.9100,11.9000,11.9500,11.9600,11.9700,11.9800,11.9900,147,895,1357,1757,1709,157,1936,3089,2889,5078
SZ,000001,2019-06-05 09:50:12,11.9500,6,47776.0000,40,B,11.9400,11.9300,11.9200,11.9100,11.9000,11.9500,11.9600,11.9700,11.9800,11.9900,182,906,1357,1757,1699,147,1936,3094,2872,5078
SZ,000001,2019-06-05 09:50:15,11.9500,9,66928.0000,56,B,11.9400,11.9300,11.9200,11.9100,11.9000,11.9500,11.9600,11.9700,11.9800,11.9900,181,911,1357,1767,1685,111,1936,3119,2872,5078
SZ,000001,2019-06-05 09:50:18,11.9500,6,11936.0000,10,B,11.9400,11.9300,11.9200,11.9100,11.9000,11.9500,11.9600,11.9700,11.9800,11.9900,277,921,1357,1767,1685,196,1932,3319,2852,5078
SZ,000001,2019-06-05 09:50:21,11.9500,11,217488.0000,182,B,11.9400,11.9300,11.9200,11.9100,11.9000,11.9500,11.9600,11.9700,11.9800,11.9900,258,932,1357,1797,1685,18,1972,3319,2852,5078
SZ,000001,2019-06-05 09:50:24,11.9500,11,45392.0000,38,B,11.9400,11.9300,11.9200,11.9100,11.9000,11.9500,11.9600,11.9700,11.9800,11.9900,294,933,1357,1797,1705,53,1972,3321,2852,5078
SZ,000001,2019-06-05 09:50:27,11.9500,9,181600.0000,152,B,11.9500,11.9400,11.9300,11.9200,11.9100,11.9600,11.9700,11.9800,11.9900,12.0000,13,358,933,1359,1797,1966,3321,2822,5078,3929
SZ,000001,2019-06-05 09:50:30,11.9600,9,332432.0000,278,B,11.9500,11.9400,11.9300,11.9200,11.9100,11.9600,11.9700,11.9800,11.9900,12.0000,163,307,943,1359,1797,1756,3321,2822,5093,3929
SZ,000001,2019-06-05 09:50:33,11.9600,6,136256.0000,114,B,11.9500,11.9400,11.9300,11.9200,11.9100,11.9600,11.9700,11.9800,11.9900,12.0000,142,307,943,1337,1797,1790,3321,2822,5098,3929
SZ,000001,2019-06-05 09:50:36,11.9500,11,218688.0000,183,S,11.9500,11.9400,11.9300,11.9200,11.9100,11.9600,11.9700,11.9800,11.9900,12.0000,76,201,943,1337,1797,1790,3326,2822,5099,3929
SZ,000001,2019-06-05 09:50:39,11.9600,7,151760.0000,127,B,11.9400,11.9300,11.9200,11.9100,11.9000,11.9600,11.9700,11.9800,11.9900,12.0000,177,943,1337,1797,1715,1763,3326,2783,5099,3929
SZ,000001,2019-06-05 09:50:42,11.9500,1,1200.0000,1,S,11.9400,11.9300,11.9200,11.9100,11.9000,11.9500,11.9600,11.9700,11.9800,11.9900,183,943,1337,1797,1745,22,1723,3336,2758,5099
SZ,000001,2019-06-05 09:50:45,11.9500,5,32272.0000,27,B,11.9400,11.9300,11.9200,11.9100,11.9000,11.9500,11.9600,11.9700,11.9800,11.9900,183,943,1337,1797,1745,645,2523,3341,2760,5084
SZ,000001,2019-06-05 09:50:48,11.9500,3,21504.0000,18,B,11.9400,11.9300,11.9200,11.9100,11.9000,11.9500,11.9600,11.9700,11.9800,11.9900,183,943,1337,1797,1745,827,2523,3343,2760,5064
SZ,000001,2019-06-05 09:50:51,11.9500,9,176848.0000,148,B,11.9400,11.9300,11.9200,11.9100,11.9000,11.9500,11.9600,11.9700,11.9800,11.9900,186,943,1337,1797,1745,922,2535,3349,2760,5064
SZ,000001,2019-06-05 09:50:54,11.9500,4,74080.0000,62,B,11.9400,11.9300,11.9200,11.9100,11.9000,11.9500,11.9600,11.9700,11.9800,11.9900,185,943,1337,1797,1745,861,2515,3349,2760,5064
SZ,000001,2019-06-05 09:50:57,11.9400,11,151696.0000,127,S,11.9400,11.9300,11.9200,11.9100,11.9000,11.9500,11.9600,11.9700,11.9800,11.9900,121,937,1337,1797,1745,821,2517,3314,2760,5064
SZ,000001,2019-06-05 09:51:00,11.9400,8,353680.0000,296,S,11.9400,11.9300,11.9200,11.9100,11.9000,11.9500,11.9600,11.9700,11.9800,11.9900,87,968,1337,1797,1743,624,1854,3332,2791,5078
SZ,000001,2019-06-05 09:51:03,11.9400,15,243600.0000,204,S,11.9400,11.9300,11.9200,11.9100,11.9000,11.9500,11.9600,11.9700,11.9800,11.9900,25,968,1337,1797,1743,604,1847,3332,2791,5078
SZ,000001,2019-06-05 09:51:06,11.9400,7,66896.0000,56,S,11.9300,11.9200,11.9100,11.9000,11.8900,11.9400,11.9500,11.9600,11.9700,11.9800,965,1337,1797,1743,663,92,604,1850,3332,2741
SZ,000001,2019-06-05 09:51:09,11.9400,3,64464.0000,54,B,11.9300,11.9200,11.9100,11.9000,11.8900,11.9400,11.9500,11.9600,11.9700,11.9800,1016,1337,1805,1743,663,60,604,1860,3332,2747
SZ,000001,2019-06-05 09:51:12,11.9400,10,72800.0000,61,B,11.9400,11.9300,11.9200,11.9100,11.9000,11.9500,11.9600,11.9700,11.9800,11.9900,0,1066,1337,1805,1763,864,1860,3332,2747,5078
SZ,000001,2019-06-05 09:51:15,11.9400,3,2400.0000,2,S,11.9400,11.9300,11.9200,11.9100,11.9000,11.9500,11.9600,11.9700,11.9800,11.9900,3,1105,1337,1805,1763,869,1859,3332,2747,5088
SZ,000001,2019-06-05 09:51:18,11.9300,5,25056.0000,21,S,11.9300,11.9200,11.9100,11.9000,11.8900,11.9500,11.9600,11.9700,11.9800,11.9900,1098,1337,1805,1773,1534,926,1859,3332,2742,5088
SZ,000001,2019-06-05 09:51:21,11.9400,7,219792.0000,184,B,11.9300,11.9200,11.9100,11.9000,11.8900,11.9400,11.9500,11.9600,11.9700,11.9800,1093,1338,1805,1773,1534,14,907,1859,3327,2742
SZ,000001,2019-06-05 09:51:24,11.9500,8,69232.0000,58,B,11.9300,11.9200,11.9100,11.9000,11.8900,11.9500,11.9600,11.9700,11.9800,11.9900,1103,1338,1805,1773,1534,946,1834,3337,2742,5083
SZ,000001,2019-06-05 09:51:27,11.9400,2,10752.0000,9,S,11.9300,11.9200,11.9100,11.9000,11.8900,11.9400,11.9500,11.9600,11.9700,11.9800,1104,1336,1805,1773,1534,141,974,1842,3337,2745
SZ,000001,2019-06-05 09:51:30,11.9500,15,571696.0000,479,B,11.9300,11.9200,11.9100,11.9000,11.8900,11.9500,11.9600,11.9700,11.9800,11.9900,843,1350,1805,1795,1534,1001,1842,3337,2720,5069
SZ,000001,2019-06-05 09:51:33,11.9400,3,135024.0000,113,S,11.9300,11.9200,11.9100,11.9000,11.8900,11.9400,11.9500,11.9600,11.9700,11.9800,852,1350,1805,1795,1534,238,950,1834,3337,2711
SZ,000001,2019-06-05 09:51:36,11.9400,3,11936.0000,10,B,11.9300,11.9200,11.9100,11.9000,11.8900,11.9400,11.9500,11.9600,11.9700,11.9800,852,1350,1805,1805,1534,228,967,1834,3337,2711
SZ,000001,2019-06-05 09:51:39,11.9400,1,1200.0000,1,B,11.9300,11.9200,11.9100,11.9000,11.8900,11.9400,11.9500,11.9600,11.9700,11.9800,858,1350,1805,1805,1534,247,1017,1822,3337,2711
SZ,000001,2019-06-05 09:51:42,11.9400,4,21488.0000,18,B,11.9300,11.9200,11.9100,11.9000,11.8900,11.9400,11.9500,11.9600,11.9700,11.9800,838,1350,1805,1805,1534,1245,1025,1840,3337,2711
SZ,000001,2019-06-05 09:51:45,11.9400,5,39408.0000,33,B,11.9300,11.9200,11.9100,11.9000,11.8900,11.9400,11.9500,11.9600,11.9700,11.9800,839,1350,1805,1818,1534,1223,1025,1849,3347,2711
SZ,000001,2019-06-05 09:51:48,11.9400,11,152768.0000,128,B,11.9300,11.9200,11.9100,11.9000,11.8900,11.9400,11.9500,11.9600,11.9700,11.9800,784,1350,1795,1818,1534,1143,992,1849,3347,2731
SZ,000001,2019-06-05 09:51:51,11.9400,3,96672.0000,81,B,11.9300,11.9200,11.9100,11.9000,11.8900,11.9400,11.9500,11.9600,11.9700,11.9800,738,1360,1795,1818,1534,1109,992,1854,3347,2731
SZ,000001,2019-06-05 09:51:54,11.9400,11,327152.0000,274,B,11.9300,11.9200,11.9100,11.9000,11.8900,11.9400,11.9500,11.9600,11.9700,11.9800,722,1360,1795,1818,1534,851,1012,1858,3337,2731
SZ,000001,2019-06-05 09:51:57,11.9400,6,41776.0000,35,B,11.9300,11.9200,11.9100,11.9000,11.8900,11.9400,11.9500,11.9600,11.9700,11.9800,816,1360,1795,1818,1534,819,1037,1882,3337,2739
SZ,000001,2019-06-05 09:52:00,11.9300,5,78784.0000,66,S,11.9300,11.9200,11.9100,11.9000,11.8900,11.9400,11.9500,11.9600,11.9700,11.9800,788,1360,1795,1818,1574,781,1072,1882,3339,2739
SZ,000001,2019-06-05 09:52:03,11.9400,4,308048.0000,258,B,11.9300,11.9200,11.9100,11.9000,11.8900,11.9400,11.9500,11.9600,11.9700,11.9800,791,1360,1795,1834,1574,533,1073,1882,3141,2829
SZ,000001,2019-06-05 09:52:06,11.9300,16,227872.0000,191,S,11.9300,11.9200,11.9100,11.9000,11.8900,11.9400,11.9500,11.9600,11.9700,11.9800,608,1360,1795,1834,1574,529,1073,1882,3141,2829
SZ,000001,2019-06-05 09:52:09,11.9300,12,157472.0000,132,S,11.9300,11.9200,11.9100,11.9000,11.8900,11.9400,11.9500,11.9600,11.9700,11.9800,497,1355,1795,1834,1586,602,1073,1806,3141,2829
SZ,000001,2019-06-05 09:52:12,11.9300,5,9552.0000,8,S,11.9300,11.9200,11.9100,11.9000,11.8900,11.9400,11.9500,11.9600,11.9700,11.9800,496,1355,1795,1834,1586,602,1053,1812,3141,2749
SZ,000001,2019-06-05 09:52:15,11.9300,5,45344.0000,38,S,11.9300,11.9200,11.9100,11.9000,11.8900,11.9400,11.9500,11.9600,11.9700,11.9800,486,1355,1795,1834,1586,601,1000,1811,3123,2749
SZ,000001,2019-06-05 09:52:18,11.9400,18,273200.0000,229,B,11.9300,11.9200,11.9100,11.9000,11.8900,11.9400,11.9500,11.9600,11.9700,11.9800,260,1355,1795,1839,1586,704,1009,1785,3123,2885
SZ,000001,2019-06-05 09:52:21,11.9300,27,326912.0000,274,S,11.9200,11.9100,11.9000,11.8900,11.8800,11.9300,11.9400,11.9500,11.9600,11.9700,1355,1795,1839,1586,1652,0,703,974,1785,3123
SZ,000001,2019-06-05 09:52:24,11.9300,12,303136.0000,254,B,11.9200,11.9100,11.9000,11.8900,11.8800,11.9300,11.9400,11.9500,11.9600,11.9700,1691,1795,1839,1586,1652,4,583,974,1787,3123
SZ,000001,2019-06-05 09:52:27,11.9300,2,7152.0000,6,B,11.9200,11.9100,11.9000,11.8900,11.8800,11.9400,11.9500,11.9600,11.9700,11.9800,1693,1785,1844,1586,1652,596,971,1787,3118,2895
SZ,000001,2019-06-05 09:52:30,11.9300,3,41776.0000,35,B,11.9300,11.9200,11.9100,11.9000,11.8900,11.9400,11.9500,11.9600,11.9700,11.9800,86,1804,1785,1844,1586,606,971,1787,3118,2895
SZ,000001,2019-06-05 09:52:33,11.9400,4,303264.0000,254,B,11.9300,11.9200,11.9100,11.9000,11.8900,11.9400,11.9500,11.9600,11.9700,11.9800,75,1804,1785,1844,1586,396,986,1787,3118,2898
SZ,000001,2019-06-05 09:52:36,11.9300,4,60864.0000,51,S,11.9300,11.9200,11.9100,11.9000,11.8900,11.9400,11.9500,11.9600,11.9700,11.9800,49,1893,1785,1844,1586,680,1081,1769,3118,2898
SZ,000001,2019-06-05 09:52:39,11.9300,4,17904.0000,15,S,11.9300,11.9200,11.9100,11.9000,11.8900,11.9400,11.9500,11.9600,11.9700,11.9800,44,1892,1785,1844,1586,680,1031,1771,3108,2898
SZ,000001,2019-06-05 09:52:42,11.9400,11,45328.0000,38,B,11.9300,11.9200,11.9100,11.9000,11.8900,11.9400,11.9500,11.9600,11.9700,11.9800,20,1560,1785,1844,1586,685,1031,1771,3108,2898
SZ,000001,2019-06-05 09:52:45,11.9300,11,51296.0000,43,S,11.9200,11.9100,11.9000,11.8900,11.8800,11.9300,11.9400,11.9500,11.9600,11.9700,1555,1765,1844,1586,1657,53,677,1034,1761,3058
SZ,000001,2019-06-05 09:52:48,11.9400,8,121696.0000,102,B,11.9300,11.9200,11.9100,11.9000,11.8900,11.9400,11.9500,11.9600,11.9700,11.9800,13,1671,1765,1844,1586,671,1029,1761,3078,2898
SZ,000001,2019-06-05 09:52:51,11.9400,28,728304.0000,610,B,11.9300,11.9200,11.9100,11.9000,11.8900,11.9400,11.9500,11.9600,11.9700,11.9800,582,1671,1765,1834,1586,99,1049,1761,3078,2898
SZ,000001,2019-06-05 09:52:54,11.9300,12,529840.0000,444,S,11.9300,11.9200,11.9100,11.9000,11.8900,11.9500,11.9600,11.9700,11.9800,11.9900,390,1582,1765,1834,1586,1038,1761,3078,2898,5085
SZ,000001,2019-06-05 09:52:57,11.9400,6,106320.0000,89,B,11.9300,11.9200,11.9100,11.9000,11.8900,11.9400,11.9500,11.9600,11.9700,11.9800,480,1592,1765,1834,1586,57,984,1761,3078,2998
SZ,000001,2019-06-05 09:53:00,11.9300,3,102608.0000,86,S,11.9300,11.9200,11.9100,11.9000,11.8900,11.9400,11.9500,11.9600,11.9700,11.9800,510,1592,1765,1829,1586,41,960,1761,3192,2998
SZ,000001,2019-06-05 09:53:03,11.9300,8,343856.0000,288,S,11.9300,11.9200,11.9100,11.9000,11.8900,11.9400,11.9500,11.9600,11.9700,11.9800,541,1592,1765,1829,1586,64,1076,1759,3192,2891
SZ,000001,2019-06-05 09:53:06,11.9400,2,31040.0000,26,B,11.9300,11.9200,11.9100,11.9000,11.8900,11.9400,11.9500,11.9600,11.9700,11.9800,580,1592,1765,1829,1586,79,1586,1766,3192,2765
SZ,000001,2019-06-05 09:53:09,11.9400,7,137264.0000,115,B,11.9300,11.9200,11.9100,11.9000,11.8900,11.9400,11.9500,11.9600,11.9700,11.9800,542,1592,1765,1829,1586,129,1606,1766,3192,2765
SZ,000001,2019-06-05 09:53:12,11.9200,55,1606176.0000,1347,S,11.9300,11.9200,11.9100,11.9000,11.8900,11.9400,11.9500,11.9600,11.9700,11.9800,90,1008,1765,1829,1586,170,1626,1766,3192,2765
SZ,000001,2019-06-05 09:53:15,11.9400,3,11936.0000,10,B,11.9300,11.9200,11.9100,11.9000,11.8900,11.9400,11.9500,11.9600,11.9700,11.9800,93,994,1765,1829,1586,481,1645,1783,3202,2765
SZ,000001,2019-06-05 09:53:18,11.9300,4,19088.0000,16,S,11.9300,11.9200,11.9100,11.9000,11.8900,11.9400,11.9500,11.9600,11.9700,11.9800,85,781,1735,1829,1586,486,1647,1783,3202,2765
SZ,000001,2019-06-05 09:53:21,11.9400,4,106256.0000,89,B,11.9300,11.9200,11.9100,11.9000,11.8900,11.9400,11.9500,11.9600,11.9700,11.9800,107,781,1735,1830,1586,496,1627,1791,3202,2900
SZ,000001,2019-06-05 09:53:24,11.9300,8,196976.0000,165,S,11.9300,11.9200,11.9100,11.9000,11.8900,11.9400,11.9500,11.9600,11.9700,11.9800,67,781,1735,1830,1586,714,1669,1791,3202,2900
SZ,000001,2019-06-05 09:53:27,11.9300,17,178960.0000,150,S,11.9200,11.9100,11.9000,11.8900,11.8800,11.9300,11.9400,11.9500,11.9600,11.9700,787,1735,1830,1586,1657,740,731,1790,1777,3202
SZ,000001,2019-06-05 09:53:30,11.9300,7,977056.0000,819,B,11.9300,11.9200,11.9100,11.9000,11.8900,11.9400,11.9500,11.9600,11.9700,11.9800,297,817,1741,1830,1596,1050,1790,1777,3202,2861
SZ,000001,2019-06-05 09:53:33,11.9300,10,391568.0000,328,S,11.9300,11.9200,11.9100,11.9000,11.8900,11.9400,11.9500,11.9600,11.9700,11.9800,334,1017,1741,1840,1590,801,1840,1777,3202,2861
SZ,000001,2019-06-05 09:53:36,11.9400,3,10752.0000,9,B,11.9300,11.9200,11.9100,11.9000,11.8900,11.9400,11.9500,11.9600,11.9700,11.9800,342,1017,1741,1840,1590,802,1872,1773,3212,2861
SZ,000001,2019-06-05 09:53:39,11.9300,3,50128.0000,42,S,11.9300,11.9200,11.9100,11.9000,11.8900,11.9400,11.9500,11.9600,11.9700,11.9800,166,1027,1741,1840,1590,778,1872,1788,3212,2856
SZ,000001,2019-06-05 09:53:42,11.9400,4,95472.0000,80,B,11.9300,11.9200,11.9100,11.9000,11.8900,11.9400,11.9500,11.9600,11.9700,11.9800,125,1027,1753,1840,1590,783,1872,1788,3212,2776
SZ,000001,2019-06-05 09:53:45,11.9300,3,35792.0000,30,S,11.9300,11.9200,11.9100,11.9000,11.8900,11.9400,11.9500,11.9600,11.9700,11.9800,129,1027,1753,1840,1590,805,1872,1878,3212,2786
SZ,000001,2019-06-05 09:53:48,11.9400,1,2384.0000,2,B,11.9300,11.9200,11.9100,11.9000,11.8900,11.9400,11.9500,11.9600,11.9700,11.9800,138,1027,1753,1840,1590,867,1862,1878,3212,2786
SZ,000001,2019-06-05 09:53:51,11.9300,1,3584.0000,3,S,11.9300,11.9200,11.9100,11.9000,11.8900,11.9400,11.9500,11.9600,11.9700,11.9800,147,1027,1753,1830,1590,885,1872,1878,3212,2786
SZ,000001,2019-06-05 09:53:54,11.9300,33,577584.0000,484,S,11.9200,11.9100,11.9000,11.8900,11.8800,11.9300,11.9400,11.9500,11.9600,11.9700,1029,1825,1830,1590,1647,532,720,1778,1878,3212
SZ,000001,2019-06-05 09:53:57,11.9400,7,670480.0000,562,B,11.9300,11.9200,11.9100,11.9000,11.8900,11.9400,11.9500,11.9600,11.9700,11.9800,151,1069,1825,1830,1595,884,1783,1904,3213,2786
SZ,000001,2019-06-05 09:54:00,11.9400,3,21488.0000,18,B,11.9300,11.9200,11.9100,11.9000,11.8900,11.9400,11.9500,11.9600,11.9700,11.9800,245,1069,1825,1830,1595,871,1783,1904,3213,2786
SZ,000001,2019-06-05 09:54:03,11.9400,16,310432.0000,260,B,11.9300,11.9200,11.9100,11.9000,11.8900,11.9400,11.9500,11.9600,11.9700,11.9800,308,1069,1825,1830,1595,660,1806,1904,3213,2786
SZ,000001,2019-06-05 09:54:06,11.9300,6,46528.0000,39,S,11.9300,11.9200,11.9100,11.9000,11.8900,11.9400,11.9500,11.9600,11.9700,11.9800,282,1079,1825,1835,1597,667,1825,1904,3213,2786
SZ,000001,2019-06-05 09:54:09,11.9300,4,40592.0000,34,S,11.9300,11.9200,11.9100,11.9000,11.8900,11.9400,11.9500,11.9600,11.9700,11.9800,279,1089,1831,1835,1597,655,1700,1904,3315,2786
SZ,000001,2019-06-05 09:54:12,11.9300,1,35792.0000,30,S,11.9300,11.9200,11.9100,11.9000,11.8900,11.9400,11.9500,11.9600,11.9700,11.9800,267,1089,1831,1845,1632,1686,1656,1775,3315,2786
SZ,000001,2019-06-05 09:54:15,11.9300,6,165872.0000,139,S,11.9300,11.9200,11.9100,11.9000,11.8900,11.9400,11.9500,11.9600,11.9700,11.9800,194,1095,1833,1845,1632,1638,1656,1775,3215,2788
SZ,000001,2019-06-05 09:54:21,11.9400,3,9552.0000,8,B,11.9300,11.9200,11.9100,11.9000,11.8900,11.9400,11.9500,11.9600,11.9700,11.9800,237,1160,1827,1875,1632,1725,1653,1775,3215,2708
SZ,000001,2019-06-05 09:54:24,11.9400,12,275776.0000,231,B,11.9300,11.9200,11.9100,11.9000,11.8900,11.9400,11.9500,11.9600,11.9700,11.9800,216,1164,1827,1857,1632,1546,1653,1775,3325,2698
SZ,000001,2019-06-05 09:54:27,11.9400,17,134880.0000,113,B,11.9300,11.9200,11.9100,11.9000,11.8900,11.9400,11.9500,11.9600,11.9700,11.9800,181,1164,1827,1837,1632,1473,1603,1775,3325,2698
SZ,000001,2019-06-05 09:54:30,11.9400,20,218384.0000,183,B,11.9300,11.9200,11.9100,11.9000,11.8900,11.9400,11.9500,11.9600,11.9700,11.9800,85,1164,1827,1837,1632,1431,1593,1775,3325,2698
SZ,000001,2019-06-05 09:54:33,11.9400,15,360544.0000,302,B,11.9300,11.9200,11.9100,11.9000,11.8900,11.9400,11.9500,11.9600,11.9700,11.9800,38,1164,1827,1855,1632,1195,1583,1775,3325,2563
SZ,000001,2019-06-05 09:54:36,11.9300,9,193264.0000,162,S,11.9200,11.9100,11.9000,11.8900,11.8800,11.9300,11.9400,11.9500,11.9600,11.9700,1164,1827,1855,1632,1648,26,1196,1574,1775,3325
SZ,000001,2019-06-05 09:54:39,11.9300,2,8352.0000,7,B,11.9200,11.9100,11.9000,11.8900,11.8800,11.9300,11.9400,11.9500,11.9600,11.9700,1168,1827,1855,1632,1648,28,1196,1574,1775,3325
SZ,000001,2019-06-05 09:54:42,11.9300,10,38176.0000,32,B,11.9200,11.9100,11.9000,11.8900,11.8800,11.9300,11.9400,11.9500,11.9600,11.9700,1209,1827,1855,1632,1648,16,1196,1448,1775,3325
SZ,000001,2019-06-05 09:54:45,11.9300,9,88320.0000,74,B,11.9200,11.9100,11.9000,11.8900,11.8800,11.9300,11.9400,11.9500,11.9600,11.9700,1209,1827,1867,1632,1648,276,1162,1448,1765,3325
SZ,000001,2019-06-05 09:54:48,11.9300,9,248144.0000,208,B,11.9200,11.9100,11.9000,11.8900,11.8800,11.9300,11.9400,11.9500,11.9600,11.9700,1202,1827,1867,1632,1648,941,1162,1478,1765,3325
SZ,000001,2019-06-05 09:54:51,11.9200,5,69136.0000,58,S,11.9200,11.9100,11.9000,11.8900,11.8800,11.9300,11.9400,11.9500,11.9600,11.9700,1159,1827,1867,1632,1648,984,1162,1478,1765,3325
SZ,000001,2019-06-05 09:54:54,11.9300,7,219504.0000,184,B,11.9200,11.9100,11.9000,11.8900,11.8800,11.9300,11.9400,11.9500,11.9600,11.9700,1249,1817,1867,1632,1648,806,1298,1537,1757,3325
SZ,000001,2019-06-05 09:54:57,11.9300,1,10736.0000,9,B,11.9200,11.9100,11.9000,11.8900,11.8800,11.9300,11.9400,11.9500,11.9600,11.9700,1252,1817,1867,1632,1648,797,1303,1537,1757,3320
SZ,000001,2019-06-05 09:55:00,11.9300,7,981824.0000,823,B,11.9200,11.9100,11.9000,11.8900,11.8800,11.9300,11.9400,11.9500,11.9600,11.9700,1232,1817,1867,1632,1658,110,1284,1532,1757,3320
SZ,000001,2019-06-05 09:55:03,11.9300,6,272112.0000,228,B,11.9300,11.9200,11.9100,11.9000,11.8900,11.9400,11.9500,11.9600,11.9700,11.9800,43,1257,1817,1852,1632,1180,1532,1777,3320,2650
SZ,000001,2019-06-05 09:55:06,11.9300,23,513040.0000,430,S,11.9300,11.9200,11.9100,11.9000,11.8900,11.9400,11.9500,11.9600,11.9700,11.9800,25,1007,1817,1862,1632,1055,1522,1777,3320,2650
SZ,000001,2019-06-05 09:55:09,11.9300,5,32208.0000,27,S,11.9300,11.9200,11.9100,11.9000,11.8900,11.9400,11.9500,11.9600,11.9700,11.9800,3,1061,1817,1862,1632,1060,1537,1777,3527,2650
SZ,000001,2019-06-05 09:55:12,11.9400,6,101440.0000,85,B,11.9300,11.9200,11.9100,11.9000,11.8900,11.9400,11.9500,11.9600,11.9700,11.9800,57,1053,1817,1862,1632,1040,1545,1777,3527,2650
SZ,000001,2019-06-05 09:55:15,11.9300,9,215936.0000,181,S,11.9200,11.9100,11.9000,11.8900,11.8800,11.9300,11.9400,11.9500,11.9600,11.9700,1053,1817,1862,1632,1658,24,1116,1535,1777,3527
SZ,000001,2019-06-05 09:55:18,11.9300,3,31008.0000,26,B,11.9300,11.9200,11.9100,11.9000,11.8900,11.9400,11.9500,11.9600,11.9700,11.9800,28,1071,1810,1862,1632,1124,1498,1777,3527,2650
SZ,000001,2019-06-05 09:55:21,11.9400,2,81184.0000,68,B,11.9300,11.9200,11.9100,11.9000,11.8900,11.9400,11.9500,11.9600,11.9700,11.9800,76,1079,1810,1862,1632,1073,1503,1777,3522,2653
SZ,000001,2019-06-05 09:55:24,11.9400,1,142096.0000,119,B,11.9300,11.9200,11.9100,11.9000,11.8900,11.9400,11.9500,11.9600,11.9700,11.9800,81,1079,1810,1862,1632,964,1503,1777,3522,2653
SZ,000001,2019-06-05 09:55:27,11.9400,5,26256.0000,22,B,11.9300,11.9200,11.9100,11.9000,11.8900,11.9400,11.9500,11.9600,11.9700,11.9800,102,1089,1810,1862,1632,1002,1503,1777,3522,2153
SZ,000001,2019-06-05 09:55:30,11.9400,1,106272.0000,89,B,11.9300,11.9200,11.9100,11.9000,11.8900,11.9400,11.9500,11.9600,11.9700,11.9800,161,1142,1810,1862,1632,921,1503,1798,3522,2128
SZ,000001,2019-06-05 09:55:33,11.9400,12,353392.0000,296,B,11.9300,11.9200,11.9100,11.9000,11.8900,11.9400,11.9500,11.9600,11.9700,11.9800,145,1142,1810,1862,1632,690,1503,1798,3522,2128
SZ,000001,2019-06-05 09:55:36,11.9400,5,57312.0000,48,B,11.9300,11.9200,11.9100,11.9000,11.8900,11.9400,11.9500,11.9600,11.9700,11.9800,146,1144,1810,1862,1632,750,1489,1798,3522,2128
SZ,000001,2019-06-05 09:55:39,11.9300,11,76352.0000,64,S,11.9300,11.9200,11.9100,11.9000,11.8900,11.9400,11.9500,11.9600,11.9700,11.9800,102,1144,1800,1862,1632,751,1465,1798,3550,2163
SZ,000001,2019-06-05 09:55:42,11.9400,2,41792.0000,35,B,11.9300,11.9200,11.9100,11.9000,11.8900,11.9400,11.9500,11.9600,11.9700,11.9800,96,1144,1800,1862,1632,724,1470,1798,3555,2163
SZ,000001,2019-06-05 09:55:45,11.9300,5,59648.0000,50,S,11.9300,11.9200,11.9100,11.9000,11.8900,11.9400,11.9500,11.9600,11.9700,11.9800,92,1140,1800,1862,1632,774,1472,1838,3555,2163
SZ,000001,2019-06-05 09:55:48,11.9400,6,81168.0000,68,B,11.9300,11.9200,11.9100,11.9000,11.8900,11.9400,11.9500,11.9600,11.9700,11.9800,187,1140,1800,1862,1632,772,1472,1840,3555,2163
SZ,000001,2019-06-05 09:55:51,11.9300,12,77568.0000,65,S,11.9300,11.9200,11.9100,11.9000,11.8900,11.9400,11.9500,11.9600,11.9700,11.9800,156,1190,1800,1862,1632,751,1472,1840,3555,2163
SZ,000001,2019-06-05 09:55:54,11.9400,19,318784.0000,267,B,11.9300,11.9200,11.9100,11.9000,11.8900,11.9400,11.9500,11.9600,11.9700,11.9800,158,1190,1800,1863,1632,1411,1472,1800,3555,2163
SZ,000001,2019-06-05 09:55:57,11.9400,1,33424.0000,28,B,11.9300,11.9200,11.9100,11.9000,11.8900,11.9400,11.9500,11.9600,11.9700,11.9800,175,1194,1800,1863,1632,1390,1472,1800,3555,2163
SZ,000001,2019-06-05 09:56:00,11.9400,6,17920.0000,15,B,11.9300,11.9200,11.9100,11.9000,11.8900,11.9400,11.9500,11.9600,11.9700,11.9800,175,1171,1800,1848,1632,1366,1472,1800,3555,2195
SZ,000001,2019-06-05 09:56:03,11.9400,25,323552.0000,271,B,11.9300,11.9200,11.9100,11.9000,11.8900,11.9400,11.9500,11.9600,11.9700,11.9800,169,1170,1794,1848,1632,1122,1440,1783,3555,2195
SZ,000001,2019-06-05 09:56:06,11.9300,19,219520.0000,184,S,11.9200,11.9100,11.9000,11.8900,11.8800,11.9300,11.9400,11.9500,11.9600,11.9700,1170,1794,1848,1632,1606,370,1172,1440,1783,3555
SZ,000001,2019-06-05 09:56:09,11.9300,5,507024.0000,425,B,11.9300,11.9200,11.9100,11.9000,11.8900,11.9400,11.9500,11.9600,11.9700,11.9800,107,1186,1794,1853,1632,1198,1440,1783,3555,2211
SZ,000001,2019-06-05 09:56:12,11.9400,1,1200.0000,1,B,11.9300,11.9200,11.9100,11.9000,11.8900,11.9400,11.9500,11.9600,11.9700,11.9800,127,1186,1794,1853,1632,1197,1420,1783,3555,2211
SZ,000001,2019-06-05 09:56:15,11.9300,3,24432.0000,21,S,11.9300,11.9200,11.9100,11.9000,11.8900,11.9400,11.9500,11.9600,11.9700,11.9800,186,1176,1794,1838,1632,1197,1470,1774,3555,2211
SZ,000001,2019-06-05 09:56:18,11.9300,12,249536.0000,209,S,11.9300,11.9200,11.9100,11.9000,11.8900,11.9400,11.9500,11.9600,11.9700,11.9800,178,1196,1794,1838,1632,1250,1470,1774,2955,2211
SZ,000001,2019-06-05 09:56:21,11.9300,5,109808.0000,92,S,11.9300,11.9200,11.9100,11.9000,11.8900,11.9400,11.9500,11.9600,11.9700,11.9800,372,1192,1784,1838,1627,1246,1470,1774,2955,2211
SZ,000001,2019-06-05 09:56:24,11.9500,32,1641856.0000,1375,B,11.9400,11.9300,11.9200,11.9100,11.9000,11.9500,11.9600,11.9700,11.9800,11.9900,12,397,1187,1784,1838,1361,1774,2955,2211,5456
SZ,000001,2019-06-05 09:56:27,11.9500,66,1713344.0000,1434,B,11.9300,11.9200,11.9100,11.9000,11.8900,11.9500,11.9600,11.9700,11.9800,11.9900,337,1187,1784,1839,1628,108,1774,2955,2211,5446
SZ,000001,2019-06-05 09:56:30,11.9500,10,150544.0000,126,B,11.9500,11.9400,11.9300,11.9200,11.9100,11.9600,11.9700,11.9800,11.9900,12.0000,583,41,659,1187,1784,1774,2957,2211,5446,4063
SZ,000001,2019-06-05 09:56:33,11.9600,38,1803520.0000,1508,B,11.9500,11.9400,11.9300,11.9200,11.9100,11.9600,11.9700,11.9800,11.9900,12.0000,234,37,661,1187,1784,315,2929,2211,5446,4103
SZ,000001,2019-06-05 09:56:36,11.9600,23,160272.0000,134,B,11.9500,11.9400,11.9300,11.9200,11.9100,11.9600,11.9700,11.9800,11.9900,12.0000,243,26,654,1213,1784,443,2929,2211,5446,4103
SZ,000001,2019-06-05 09:56:39,11.9600,6,105216.0000,88,B,11.9500,11.9400,11.9300,11.9200,11.9100,11.9600,11.9700,11.9800,11.9900,12.0000,214,32,667,1223,1784,384,2929,2211,5446,4153
SZ,000001,2019-06-05 09:56:42,11.9600,6,43040.0000,36,B,11.9500,11.9400,11.9300,11.9200,11.9100,11.9600,11.9700,11.9800,11.9900,12.0000,212,6,672,1273,1784,341,2929,2211,5446,4181
SZ,000001,2019-06-05 09:56:45,11.9500,4,5984.0000,5,S,11.9500,11.9400,11.9300,11.9200,11.9100,11.9600,11.9700,11.9800,11.9900,12.0000,211,6,689,1273,1784,357,2716,2211,5446,4181
SZ,000001,2019-06-05 09:56:48,11.9600,8,77744.0000,65,B,11.9500,11.9400,11.9300,11.9200,11.9100,11.9600,11.9700,11.9800,11.9900,12.0000,215,6,693,1273,1779,338,2645,2211,5436,4181
SZ,000001,2019-06-05 09:56:51,11.9600,10,75312.0000,63,B,11.9500,11.9400,11.9300,11.9200,11.9100,11.9600,11.9700,11.9800,11.9900,12.0000,184,6,673,1273,1779,518,2663,2211,5436,4181
SZ,000001,2019-06-05 09:56:54,11.9600,5,328896.0000,275,B,11.9500,11.9400,11.9300,11.9200,11.9100,11.9600,11.9700,11.9800,11.9900,12.0000,196,6,768,1273,1779,999,2673,2304,5436,4281
SZ,000001,2019-06-05 09:56:57,11.9600,12,411408.0000,344,B,11.9500,11.9400,11.9300,11.9200,11.9100,11.9600,11.9700,11.9800,11.9900,12.0000,189,6,787,1303,1779,693,2873,2304,5436,4281
SZ,000001,2019-06-05 09:57:00,11.9500,3,17936.0000,15,S,11.9500,11.9400,11.9300,11.9200,11.9100,11.9600,11.9700,11.9800,11.9900,12.0000,184,11,787,1313,1779,736,2873,2304,5441,4290
SZ,000001,2019-06-05 09:57:03,11.9600,8,295408.0000,247,B,11.9500,11.9400,11.9300,11.9200,11.9100,11.9600,11.9700,11.9800,11.9900,12.0000,227,11,967,1313,1779,504,2873,2304,5441,4290
SZ,000001,2019-06-05 09:57:06,11.9600,2,258320.0000,216,B,11.9500,11.9400,11.9300,11.9200,11.9100,11.9600,11.9700,11.9800,11.9900,12.0000,711,11,967,1303,1779,304,2873,2304,5441,4285
SZ,000001,2019-06-05 09:57:09,11.9500,5,109968.0000,92,S,11.9500,11.9400,11.9300,11.9200,11.9100,11.9600,11.9700,11.9800,11.9900,12.0000,651,11,967,1303,1779,297,2873,2304,5441,4284
SZ,000001,2019-06-05 09:57:12,11.9600,5,51392.0000,43,B,11.9500,11.9400,11.9300,11.9200,11.9100,11.9600,11.9700,11.9800,11.9900,12.0000,638,11,960,1303,1779,301,3003,2304,5441,4289
SZ,000001,2019-06-05 09:57:15,11.9600,10,54992.0000,46,B,11.9500,11.9400,11.9300,11.9200,11.9100,11.9600,11.9700,11.9800,11.9900,12.0000,621,161,970,1259,1779,275,3003,2304,5441,4289
SZ,000001,2019-06-05 09:57:18,11.9600,2,13152.0000,11,B,11.9500,11.9400,11.9300,11.9200,11.9100,11.9600,11.9700,11.9800,11.9900,12.0000,624,161,970,1269,1779,982,2985,2314,5441,4286
