市场代码,证券代码,时间,最新价,成交笔数,成交额,成交量,方向,买一价,买二价,买三价,买四价,买五价,卖一价,卖二价,卖三价,卖四价,卖五价,买一量,买二量,买三量,买四量,买五量,卖一量,卖二量,卖三量,卖四量,卖五量
SZ,000001,2019-06-11 09:25:03,12.3400,152,7238644.0000,5866,S,12.3400,12.3300,12.3200,12.3100,12.3000,12.3500,12.3600,12.3700,12.3800,12.3900,1557,81,59,40,398,2314,1203,605,1101,440
SZ,000001,2019-06-11 09:30:03,12.3400,94,9505596.0000,7706,S,12.3300,12.3200,12.3100,12.3000,12.2900,12.3400,12.3500,12.3600,12.3700,12.3800,425,393,373,1225,178,2739,5483,1223,1031,1146
SZ,000001,2019-06-11 09:30:06,12.3300,19,215852.0000,175,S,12.3300,12.3200,12.3100,12.3000,12.2900,12.3400,12.3500,12.3600,12.3700,12.3800,333,393,393,1236,178,3205,5483,1223,1048,1156
SZ,000001,2019-06-11 09:30:09,12.3400,6,71568.0000,58,B,12.3300,12.3200,12.3100,12.3000,12.2900,12.3400,12.3500,12.3600,12.3700,12.3800,331,393,393,1246,178,3348,5782,1233,1048,1159
SZ,000001,2019-06-11 09:30:12,12.3400,5,176348.0000,143,B,12.3300,12.3200,12.3100,12.3000,12.2900,12.3400,12.3500,12.3600,12.3700,12.3800,1523,393,393,1246,178,3420,5881,1233,1048,1169
SZ,000001,2019-06-11 09:30:15,12.3300,10,353880.0000,287,S,12.3300,12.3200,12.3100,12.3000,12.2900,12.3400,12.3500,12.3600,12.3700,12.3800,2781,393,393,1346,178,3413,5880,1233,1048,1169
SZ,000001,2019-06-11 09:30:21,12.3400,4,136952.0000,111,B,12.3300,12.3200,12.3100,12.3000,12.2900,12.3400,12.3500,12.3600,12.3700,12.3800,2882,393,393,1346,228,3227,5878,1233,1048,1169
SZ,000001,2019-06-11 09:30:24,12.3400,3,33308.0000,27,B,12.3300,12.3200,12.3100,12.3000,12.2900,12.3400,12.3500,12.3600,12.3700,12.3800,2875,393,393,1346,228,3210,5878,1233,1048,1169
SZ,000001,2019-06-11 09:30:27,12.3300,8,1362320.0000,1104,S,12.3300,12.3200,12.3100,12.3000,12.2900,12.3400,12.3500,12.3600,12.3700,12.3800,1654,393,393,1346,228,2270,5878,1233,1048,1169
SZ,000001,2019-06-11 09:30:30,12.3300,40,2939096.0000,2382,S,12.3300,12.3200,12.3100,12.3000,12.2900,12.3400,12.3500,12.3600,12.3700,12.3800,1074,393,413,1346,228,178,5878,1233,1048,1169
SZ,000001,2019-06-11 09:30:33,12.3400,8,315660.0000,256,B,12.3300,12.3200,12.3100,12.3000,12.2900,12.3400,12.3500,12.3600,12.3700,12.3800,842,393,413,1346,228,180,5878,1233,1048,1169
SZ,000001,2019-06-11 09:30:36,12.3400,11,261608.0000,212,B,12.3400,12.3300,12.3200,12.3100,12.3000,12.3500,12.3600,12.3700,12.3800,12.3900,651,1498,393,413,1351,5878,1233,1048,1169,484
SZ,000001,2019-06-11 09:30:39,12.3300,13,1989480.0000,1613,S,12.3300,12.3200,12.3100,12.3000,12.2900,12.3400,12.3500,12.3600,12.3700,12.3800,539,393,413,1351,228,5,5881,1233,1048,1169
SZ,000001,2019-06-11 09:30:42,12.3400,12,1627318.0000,1319,B,12.3300,12.3200,12.3100,12.3000,12.2900,12.3400,12.3500,12.3600,12.3700,12.3800,215,393,425,1351,228,697,5881,1233,1048,1169
SZ,000001,2019-06-11 09:30:45,12.3300,9,2152818.0000,1746,S,12.3200,12.3100,12.3000,12.2900,12.2800,12.3300,12.3400,12.3500,12.3600,12.3700,394,425,1351,228,543,77,926,5881,1233,1048
SZ,000001,2019-06-11 09:30:48,12.3300,6,87518.0000,71,B,12.3200,12.3100,12.3000,12.2900,12.2800,12.3300,12.3400,12.3500,12.3600,12.3700,372,425,1367,192,543,31,936,5881,1233,1048
SZ,000001,2019-06-11 09:30:51,12.3200,1,1232.0000,1,S,12.3200,12.3100,12.3000,12.2900,12.2800,12.3300,12.3400,12.3500,12.3600,12.3700,371,425,1361,262,543,73,990,5781,1233,1048
SZ,000001,2019-06-11 09:30:54,12.3300,3,67814.0000,55,B,12.3200,12.3100,12.3000,12.2900,12.2800,12.3300,12.3400,12.3500,12.3600,12.3700,374,425,1361,262,553,243,990,5781,1230,1048
SZ,000001,2019-06-11 09:30:57,12.3200,7,178648.0000,145,S,12.3200,12.3100,12.3000,12.2900,12.2800,12.3300,12.3400,12.3500,12.3600,12.3700,531,425,1361,262,553,357,1255,5781,1230,1048
SZ,000001,2019-06-11 09:31:00,12.3300,10,282202.0000,229,B,12.3200,12.3100,12.3000,12.2900,12.2800,12.3300,12.3400,12.3500,12.3600,12.3700,424,425,1361,262,553,291,1268,5761,1230,1048
SZ,000001,2019-06-11 09:31:03,12.3200,9,136774.0000,111,S,12.3200,12.3100,12.3000,12.2900,12.2800,12.3300,12.3400,12.3500,12.3600,12.3700,371,435,1361,262,667,375,1261,5761,1230,1048
SZ,000001,2019-06-11 09:31:06,12.3200,17,634588.0000,515,S,12.3100,12.3000,12.2900,12.2800,12.2700,12.3200,12.3300,12.3400,12.3500,12.3600,435,1381,262,667,785,226,434,1261,5761,1230
SZ,000001,2019-06-11 09:31:09,12.3200,7,119478.0000,97,B,12.3100,12.3000,12.2900,12.2800,12.2700,12.3200,12.3300,12.3400,12.3500,12.3600,410,881,262,667,785,186,556,1327,5770,1230
SZ,000001,2019-06-11 09:31:12,12.3200,12,470752.0000,382,B,12.3100,12.3000,12.2900,12.2800,12.2700,12.3200,12.3300,12.3400,12.3500,12.3600,711,1112,272,667,785,139,427,1327,5770,1230
SZ,000001,2019-06-11 09:31:15,12.3100,6,64052.0000,52,S,12.3100,12.3000,12.2900,12.2800,12.2700,12.3200,12.3300,12.3400,12.3500,12.3600,699,1112,272,668,785,168,316,1327,5770,1230
SZ,000001,2019-06-11 09:31:18,12.3100,3,161322.0000,131,S,12.3100,12.3000,12.2900,12.2800,12.2700,12.3200,12.3300,12.3400,12.3500,12.3600,631,1113,272,668,785,174,316,1317,5769,1230
SZ,000001,2019-06-11 09:31:21,12.3200,8,81298.0000,66,B,12.3100,12.3000,12.2900,12.2800,12.2700,12.3200,12.3300,12.3400,12.3500,12.3600,615,1113,272,668,785,121,316,1317,5769,1230
SZ,000001,2019-06-11 09:31:24,12.3100,33,1130958.0000,918,S,12.3100,12.3000,12.2900,12.2800,12.2700,12.3300,12.3400,12.3500,12.3600,12.3700,384,1118,272,668,785,65,1313,5769,1230,1058
SZ,000001,2019-06-11 09:31:27,12.3100,22,1016866.0000,826,S,12.3200,12.3100,12.3000,12.2900,12.2800,12.3300,12.3400,12.3500,12.3600,12.3700,2,59,1118,272,668,222,1313,5769,1230,1058
SZ,000001,2019-06-11 09:31:30,12.3100,11,91134.0000,74,S,12.3100,12.3000,12.2900,12.2800,12.2700,12.3200,12.3300,12.3400,12.3500,12.3600,11,1118,272,668,785,30,248,1313,5769,1230
SZ,000001,2019-06-11 09:31:33,12.3000,10,124294.0000,101,S,12.3000,12.2900,12.2800,12.2700,12.2600,12.3100,12.3200,12.3300,12.3400,12.3500,1068,272,668,785,257,34,125,182,1313,5769
SZ,000001,2019-06-11 09:31:36,12.3100,7,120646.0000,98,B,12.3100,12.3000,12.2900,12.2800,12.2700,12.3200,12.3300,12.3400,12.3500,12.3600,71,1054,202,668,785,157,87,1302,5800,1230
SZ,000001,2019-06-11 09:31:39,12.3100,6,51712.0000,42,S,12.3100,12.3000,12.2900,12.2800,12.2700,12.3200,12.3300,12.3400,12.3500,12.3600,90,1127,206,668,785,146,69,1311,5800,1230
SZ,000001,2019-06-11 09:31:42,12.3200,14,295592.0000,240,B,12.3100,12.3000,12.2900,12.2800,12.2700,12.3300,12.3400,12.3500,12.3600,12.3700,466,1126,206,668,785,69,1346,5800,1230,1058
SZ,000001,2019-06-11 09:31:45,12.3100,16,2127224.0000,1728,S,12.3200,12.3100,12.3000,12.2900,12.2800,12.3300,12.3400,12.3500,12.3600,12.3700,1,451,1123,206,668,80,1346,5800,1230,1058
SZ,000001,2019-06-11 09:31:48,12.3100,10,196972.0000,160,S,12.3100,12.3000,12.2900,12.2800,12.2700,12.3300,12.3400,12.3500,12.3600,12.3700,304,1135,206,668,785,77,1346,5792,1230,1058
SZ,000001,2019-06-11 09:31:51,12.3100,3,78908.0000,64,S,12.3100,12.3000,12.2900,12.2800,12.2700,12.3300,12.3400,12.3500,12.3600,12.3700,352,1170,206,668,785,143,1346,5782,1230,1058
SZ,000001,2019-06-11 09:31:54,12.3300,25,192156.0000,156,B,12.3100,12.3000,12.2900,12.2800,12.2700,12.3300,12.3400,12.3500,12.3600,12.3700,273,1130,206,668,787,397,1346,5782,1230,1058
SZ,000001,2019-06-11 09:31:57,12.3200,24,709200.0000,576,S,12.3100,12.3000,12.2900,12.2800,12.2700,12.3200,12.3300,12.3400,12.3500,12.3600,202,1130,206,668,787,26,326,1346,5524,1230
SZ,000001,2019-06-11 09:32:00,12.3200,27,68976.0000,56,B,12.3100,12.3000,12.2900,12.2800,12.2700,12.3200,12.3300,12.3400,12.3500,12.3600,260,1153,206,668,787,191,139,1346,5524,1230
SZ,000001,2019-06-11 09:32:03,12.3300,23,397920.0000,323,B,12.3100,12.3000,12.2900,12.2800,12.2700,12.3300,12.3400,12.3500,12.3600,12.3700,213,1155,206,678,787,178,1346,5529,1240,1058
SZ,000001,2019-06-11 09:32:06,12.3200,3,27104.0000,22,S,12.3200,12.3100,12.3000,12.2900,12.2800,12.3300,12.3400,12.3500,12.3600,12.3700,1,361,1155,206,928,276,1604,5529,1240,1058
SZ,000001,2019-06-11 09:32:09,12.3100,11,172356.0000,140,S,12.3100,12.3000,12.2900,12.2800,12.2700,12.3200,12.3300,12.3400,12.3500,12.3600,160,1145,206,928,787,812,295,1604,5529,1240
SZ,000001,2019-06-11 09:32:12,12.3200,5,103488.0000,84,B,12.3100,12.3000,12.2900,12.2800,12.2700,12.3200,12.3300,12.3400,12.3500,12.3600,462,1254,212,933,887,769,360,1604,5529,1240
SZ,000001,2019-06-11 09:32:15,12.3200,3,64064.0000,52,B,12.3100,12.3000,12.2900,12.2800,12.2700,12.3200,12.3300,12.3400,12.3500,12.3600,529,1254,212,933,907,822,262,1604,5529,1240
SZ,000001,2019-06-11 09:32:18,12.3200,14,177320.0000,144,B,12.3100,12.3000,12.2900,12.2800,12.2700,12.3200,12.3300,12.3400,12.3500,12.3600,484,1254,212,923,907,807,302,1604,5529,1240
SZ,000001,2019-06-11 09:32:21,12.3200,11,162544.0000,132,B,12.3100,12.3000,12.2900,12.2800,12.2700,12.3200,12.3300,12.3400,12.3500,12.3600,522,1285,212,935,907,831,302,1612,5429,1240
SZ,000001,2019-06-11 09:32:24,12.3200,6,102232.0000,83,B,12.3100,12.3000,12.2900,12.2800,12.2700,12.3200,12.3300,12.3400,12.3500,12.3600,592,1284,212,935,907,778,324,1612,5465,1240
SZ,000001,2019-06-11 09:32:27,12.3200,18,320304.0000,260,B,12.3100,12.3000,12.2900,12.2800,12.2700,12.3200,12.3300,12.3400,12.3500,12.3600,592,1300,212,944,907,539,324,1612,5465,1240
SZ,000001,2019-06-11 09:32:30,12.3200,4,177408.0000,144,B,12.3100,12.3000,12.2900,12.2800,12.2700,12.3200,12.3300,12.3400,12.3500,12.3600,635,1302,212,944,907,398,329,4142,5465,1240
SZ,000001,2019-06-11 09:32:33,12.3200,36,416316.0000,338,B,12.3100,12.3000,12.2900,12.2800,12.2700,12.3200,12.3300,12.3400,12.3500,12.3600,568,1307,212,947,907,160,329,4142,5461,1240
SZ,000001,2019-06-11 09:32:36,12.3200,26,156448.0000,127,B,12.3100,12.3000,12.2900,12.2800,12.2700,12.3200,12.3300,12.3400,12.3500,12.3600,671,1317,212,977,907,49,597,4142,5461,1240
SZ,000001,2019-06-11 09:32:39,12.3200,33,131808.0000,107,B,12.3200,12.3100,12.3000,12.2900,12.2800,12.3300,12.3400,12.3500,12.3600,12.3700,657,840,1337,212,977,496,4142,5461,1240,1094
SZ,000001,2019-06-11 09:32:42,12.3300,11,93704.0000,76,B,12.3200,12.3100,12.3000,12.2900,12.2800,12.3300,12.3400,12.3500,12.3600,12.3700,686,798,1337,212,977,467,4142,5461,1240,1094
SZ,000001,2019-06-11 09:32:45,12.3200,27,931748.0000,756,S,12.3200,12.3100,12.3000,12.2900,12.2800,12.3300,12.3400,12.3500,12.3600,12.3700,343,805,1337,212,977,501,4142,5461,1240,1094
SZ,000001,2019-06-11 09:32:48,12.3300,3,129392.0000,105,B,12.3200,12.3100,12.3000,12.2900,12.2800,12.3300,12.3400,12.3500,12.3600,12.3700,318,805,1337,212,977,490,4142,5461,1240,1094
SZ,000001,2019-06-11 09:32:51,12.3300,15,290760.0000,236,B,12.3200,12.3100,12.3000,12.2900,12.2800,12.3300,12.3400,12.3500,12.3600,12.3700,98,799,1337,212,977,489,4142,5461,1240,1094
SZ,000001,2019-06-11 09:32:54,12.3300,6,51764.0000,42,B,12.3200,12.3100,12.3000,12.2900,12.2800,12.3300,12.3400,12.3500,12.3600,12.3700,304,869,1340,212,977,471,4142,5461,1240,1094
SZ,000001,2019-06-11 09:32:57,12.3300,14,113388.0000,92,B,12.3200,12.3100,12.3000,12.2900,12.2800,12.3300,12.3400,12.3500,12.3600,12.3700,268,916,1340,215,977,432,4142,5461,1240,1094
SZ,000001,2019-06-11 09:33:00,12.3300,5,144260.0000,117,B,12.3200,12.3100,12.3000,12.2900,12.2800,12.3300,12.3400,12.3500,12.3600,12.3700,299,872,1440,215,998,319,4142,5461,1240,1094
SZ,000001,2019-06-11 09:33:03,12.3300,19,204584.0000,166,B,12.3200,12.3100,12.3000,12.2900,12.2800,12.3300,12.3400,12.3500,12.3600,12.3700,336,875,1510,215,998,301,4142,5461,1240,1094
SZ,000001,2019-06-11 09:33:06,12.3300,13,400752.0000,325,B,12.3200,12.3100,12.3000,12.2900,12.2800,12.3300,12.3400,12.3500,12.3600,12.3700,639,880,1530,215,998,38,4114,5461,1240,1094
SZ,000001,2019-06-11 09:33:09,12.3300,14,159040.0000,129,B,12.3200,12.3100,12.3000,12.2900,12.2800,12.3300,12.3400,12.3500,12.3600,12.3700,510,872,1530,215,998,128,4114,5469,1240,1094
SZ,000001,2019-06-11 09:33:12,12.3200,14,567140.0000,460,S,12.3200,12.3100,12.3000,12.2900,12.2800,12.3400,12.3500,12.3600,12.3700,12.3800,507,871,1530,215,998,4109,5469,1240,1094,367
SZ,000001,2019-06-11 09:33:15,12.3300,4,35736.0000,29,B,12.3200,12.3100,12.3000,12.2900,12.2800,12.3300,12.3400,12.3500,12.3600,12.3700,510,841,1530,215,998,9,4570,4669,1240,1094
SZ,000001,2019-06-11 09:33:18,12.3300,13,223096.0000,181,B,12.3300,12.3200,12.3100,12.3000,12.2900,12.3400,12.3500,12.3600,12.3700,12.3800,1914,448,841,1530,215,4562,4269,1240,1094,367
SZ,000001,2019-06-11 09:33:21,12.3300,1,38224.0000,31,S,12.3300,12.3200,12.3100,12.3000,12.2900,12.3400,12.3500,12.3600,12.3700,12.3800,2035,446,840,1530,215,4559,4269,1240,1094,367
SZ,000001,2019-06-11 09:33:24,12.3400,3,293464.0000,238,B,12.3300,12.3200,12.3100,12.3000,12.2900,12.3400,12.3500,12.3600,12.3700,12.3800,1823,452,845,1530,215,4550,4269,1240,694,372
SZ,000001,2019-06-11 09:33:27,12.3300,5,33304.0000,27,S,12.3300,12.3200,12.3100,12.3000,12.2900,12.3400,12.3500,12.3600,12.3700,12.3800,1931,475,817,1530,215,4520,4269,1240,694,372
SZ,000001,2019-06-11 09:33:30,12.3400,2,33292.0000,27,B,12.3300,12.3200,12.3100,12.3000,12.2900,12.3400,12.3500,12.3600,12.3700,12.3800,1902,485,817,1531,215,5719,4272,1240,694,372
SZ,000001,2019-06-11 09:33:33,12.3400,15,1049836.0000,851,B,12.3300,12.3200,12.3100,12.3000,12.2900,12.3400,12.3500,12.3600,12.3700,12.3800,1613,446,820,1531,211,5168,4272,1240,694,372
SZ,000001,2019-06-11 09:33:36,12.3300,4,48088.0000,39,S,12.3300,12.3200,12.3100,12.3000,12.2900,12.3400,12.3500,12.3600,12.3700,12.3800,1884,446,820,1641,211,5174,4272,1240,694,372
SZ,000001,2019-06-11 09:33:39,12.3400,3,85088.0000,69,B,12.3300,12.3200,12.3100,12.3000,12.2900,12.3400,12.3500,12.3600,12.3700,12.3800,1831,446,840,1641,211,5167,4272,1240,694,372
SZ,000001,2019-06-11 09:33:42,12.3400,9,469800.0000,381,B,12.3300,12.3200,12.3100,12.3000,12.2900,12.3400,12.3500,12.3600,12.3700,12.3800,1511,446,835,1639,211,6141,4297,1240,694,372
SZ,000001,2019-06-11 09:33:45,12.3300,35,3617924.0000,2933,S,12.3300,12.3200,12.3100,12.3000,12.2900,12.3400,12.3500,12.3600,12.3700,12.3800,121,446,827,1656,211,4606,4297,1240,694,372
SZ,000001,2019-06-11 09:33:48,12.3300,8,129548.0000,105,S,12.3300,12.3200,12.3100,12.3000,12.2900,12.3400,12.3500,12.3600,12.3700,12.3800,123,462,827,1656,211,4524,4295,1240,704,372
SZ,000001,2019-06-11 09:33:51,12.3300,21,365024.0000,296,S,12.3200,12.3100,12.3000,12.2900,12.2800,12.3300,12.3400,12.3500,12.3600,12.3700,497,827,1678,211,989,25,4469,4295,1241,704
SZ,000001,2019-06-11 09:33:54,12.3300,12,276276.0000,224,B,12.3200,12.3100,12.3000,12.2900,12.2800,12.3300,12.3400,12.3500,12.3600,12.3700,497,847,2107,211,989,671,4383,4295,1246,704
SZ,000001,2019-06-11 09:33:57,12.3200,10,495548.0000,402,S,12.3200,12.3100,12.3000,12.2900,12.2800,12.3300,12.3400,12.3500,12.3600,12.3700,392,844,2107,211,989,933,3879,4295,1246,704
SZ,000001,2019-06-11 09:34:00,12.3200,30,508816.0000,413,S,12.3100,12.3000,12.2900,12.2800,12.2700,12.3200,12.3300,12.3400,12.3500,12.3600,844,2107,211,989,1209,73,933,3879,4295,1246
SZ,000001,2019-06-11 09:34:03,12.3200,9,147840.0000,120,B,12.3100,12.3000,12.2900,12.2800,12.2700,12.3200,12.3300,12.3400,12.3500,12.3600,1242,2127,211,989,1209,30,933,3879,4295,1246
SZ,000001,2019-06-11 09:34:06,12.3200,12,726896.0000,590,B,12.3200,12.3100,12.3000,12.2900,12.2800,12.3300,12.3400,12.3500,12.3600,12.3700,269,1663,2127,211,989,430,3879,4295,1254,704
SZ,000001,2019-06-11 09:34:09,12.3200,8,98592.0000,80,S,12.3200,12.3100,12.3000,12.2900,12.2800,12.3300,12.3400,12.3500,12.3600,12.3700,264,1666,2127,211,989,485,3879,4292,1254,704
SZ,000001,2019-06-11 09:34:12,12.3300,7,325452.0000,264,B,12.3200,12.3100,12.3000,12.2900,12.2800,12.3300,12.3400,12.3500,12.3600,12.3700,257,1663,2136,911,999,281,3890,4292,1254,704
SZ,000001,2019-06-11 09:34:15,12.3300,4,129412.0000,105,B,12.3200,12.3100,12.3000,12.2900,12.2800,12.3300,12.3400,12.3500,12.3600,12.3700,238,1673,2136,911,999,1326,3890,4292,1254,704
SZ,000001,2019-06-11 09:34:18,12.3200,10,190960.0000,155,S,12.3200,12.3100,12.3000,12.2900,12.2800,12.3300,12.3400,12.3500,12.3600,12.3700,92,1659,2160,911,999,1323,3930,4292,1259,704
SZ,000001,2019-06-11 09:34:21,12.3300,9,46820.0000,38,B,12.3200,12.3100,12.3000,12.2900,12.2800,12.3300,12.3400,12.3500,12.3600,12.3700,120,1669,2160,911,1009,1831,3941,4292,1259,704
SZ,000001,2019-06-11 09:34:24,12.3200,14,101052.0000,82,S,12.3200,12.3100,12.3000,12.2900,12.2800,12.3300,12.3400,12.3500,12.3600,12.3700,122,1669,2166,911,1009,2171,3944,4292,1259,704
SZ,000001,2019-06-11 09:34:27,12.3300,7,49304.0000,40,B,12.3200,12.3100,12.3000,12.2900,12.2800,12.3300,12.3400,12.3500,12.3600,12.3700,453,1669,2206,911,1009,2095,3944,4292,1259,704
SZ,000001,2019-06-11 09:34:30,12.3200,19,346208.0000,281,S,12.3200,12.3100,12.3000,12.2900,12.2800,12.3300,12.3400,12.3500,12.3600,12.3700,204,1669,2226,911,1009,2083,3944,4292,1273,704
SZ,000001,2019-06-11 09:34:33,12.3200,16,242736.0000,197,S,12.3200,12.3100,12.3000,12.2900,12.2800,12.3300,12.3400,12.3500,12.3600,12.3700,108,1669,2226,911,1009,2053,3948,4292,1273,704
SZ,000001,2019-06-11 09:34:36,12.3200,21,2528852.0000,2051,S,12.3200,12.3100,12.3000,12.2900,12.2800,12.3300,12.3400,12.3500,12.3600,12.3700,238,1670,2226,911,1009,69,3945,4292,1273,704
SZ,000001,2019-06-11 09:34:39,12.3200,16,237804.0000,193,S,12.3200,12.3100,12.3000,12.2900,12.2800,12.3300,12.3400,12.3500,12.3600,12.3700,85,1771,2229,911,1009,50,3945,4292,1273,704
SZ,000001,2019-06-11 09:34:42,12.3300,8,124536.0000,101,B,12.3200,12.3100,12.3000,12.2900,12.2800,12.3300,12.3400,12.3500,12.3600,12.3700,119,1751,2229,911,1059,249,3945,4292,1273,704
SZ,000001,2019-06-11 09:34:45,12.3300,1,36988.0000,30,B,12.3200,12.3100,12.3000,12.2900,12.2800,12.3300,12.3400,12.3500,12.3600,12.3700,135,1751,2224,911,1009,444,3945,4292,1273,704
SZ,000001,2019-06-11 09:34:48,12.3300,8,99800.0000,81,B,12.3200,12.3100,12.3000,12.2900,12.2800,12.3300,12.3400,12.3500,12.3600,12.3700,83,1750,2203,911,1009,544,3945,4292,1273,704
SZ,000001,2019-06-11 09:34:51,12.3300,7,43132.0000,35,B,12.3200,12.3100,12.3000,12.2900,12.2800,12.3300,12.3400,12.3500,12.3600,12.3700,181,1770,2209,911,1009,529,3945,4292,1273,704
SZ,000001,2019-06-11 09:34:54,12.3200,20,317860.0000,258,S,12.3100,12.3000,12.2900,12.2800,12.2700,12.3200,12.3300,12.3400,12.3500,12.3600,1770,2209,911,1009,1287,107,528,3945,4292,1273
SZ,000001,2019-06-11 09:34:57,12.3200,11,145376.0000,118,B,12.3100,12.3000,12.2900,12.2800,12.2700,12.3200,12.3300,12.3400,12.3500,12.3600,1619,2209,941,1009,1287,22,549,3945,4292,1273
SZ,000001,2019-06-11 09:35:00,12.3100,16,881540.0000,715,S,12.3100,12.3000,12.2900,12.2800,12.2700,12.3200,12.3400,12.3500,12.3600,12.3700,1864,2234,941,1009,1287,102,3862,4292,1273,704
SZ,000001,2019-06-11 09:35:03,12.3200,12,93596.0000,76,B,12.3100,12.3000,12.2900,12.2800,12.2700,12.3200,12.3400,12.3500,12.3600,12.3700,1834,2244,941,1009,1287,381,3862,4292,1273,697
SZ,000001,2019-06-11 09:35:06,12.3200,6,59120.0000,48,B,12.3100,12.3000,12.2900,12.2800,12.2700,12.3200,12.3400,12.3500,12.3600,12.3700,2014,2244,941,1009,1287,376,3862,4292,1273,697
SZ,000001,2019-06-11 09:35:09,12.3100,1,1228.0000,1,S,12.3100,12.3000,12.2900,12.2800,12.2700,12.3200,12.3400,12.3500,12.3600,12.3700,2060,2244,941,1009,1287,409,3862,4292,1273,701
SZ,000001,2019-06-11 09:35:12,12.3200,12,326480.0000,265,B,12.3100,12.3000,12.2900,12.2800,12.2700,12.3200,12.3300,12.3400,12.3500,12.3600,2544,2244,941,1010,1287,248,19,3906,4292,1273
SZ,000001,2019-06-11 09:35:15,12.3100,16,162616.0000,132,S,12.3100,12.3000,12.2900,12.2800,12.2700,12.3200,12.3300,12.3400,12.3500,12.3600,2538,2253,941,1010,1287,152,19,3906,4292,1273
SZ,000001,2019-06-11 09:35:18,12.3100,20,1045828.0000,848,S,12.3100,12.3000,12.2900,12.2800,12.2700,12.3200,12.3300,12.3400,12.3500,12.3600,2559,2255,941,1010,1287,108,450,3368,4297,1273
SZ,000001,2019-06-11 09:35:21,12.3200,40,162608.0000,132,B,12.3100,12.3000,12.2900,12.2800,12.2700,12.3200,12.3300,12.3400,12.3500,12.3600,2597,2235,941,1010,1287,34,450,3368,4297,1273
SZ,000001,2019-06-11 09:35:24,12.3200,14,174948.0000,142,B,12.3200,12.3100,12.3000,12.2900,12.2800,12.3300,12.3400,12.3500,12.3600,12.3700,97,2605,2235,941,1010,455,3368,4297,1273,701
SZ,000001,2019-06-11 09:35:27,12.3300,11,107248.0000,87,B,12.3200,12.3100,12.3000,12.2900,12.2800,12.3300,12.3400,12.3500,12.3600,12.3700,60,2614,2243,941,1010,543,3378,4297,1273,701
SZ,000001,2019-06-11 09:35:30,12.3200,39,449968.0000,365,S,12.3200,12.3100,12.3000,12.2900,12.2800,12.3300,12.3400,12.3500,12.3600,12.3700,83,2452,2249,987,1011,348,3378,4347,1273,701
SZ,000001,2019-06-11 09:35:33,12.3300,55,1419924.0000,1153,B,12.3100,12.3000,12.2900,12.2800,12.2700,12.3300,12.3400,12.3500,12.3600,12.3700,1929,2250,987,1011,1272,197,3378,4347,1273,701
SZ,000001,2019-06-11 09:35:36,12.3200,14,68580.0000,56,S,12.3200,12.3100,12.3000,12.2900,12.2800,12.3300,12.3400,12.3500,12.3600,12.3700,9,2109,2256,987,1011,175,3378,4348,1273,701
SZ,000001,2019-06-11 09:35:39,12.3300,15,44364.0000,36,B,12.3200,12.3100,12.3000,12.2900,12.2800,12.3300,12.3400,12.3500,12.3600,12.3700,5,2172,2252,987,1011,265,3376,4348,1273,701
SZ,000001,2019-06-11 09:35:42,12.3300,10,205872.0000,167,B,12.3200,12.3100,12.3000,12.2900,12.2800,12.3300,12.3400,12.3500,12.3600,12.3700,108,2162,2303,987,1013,177,3373,4348,1273,701
SZ,000001,2019-06-11 09:35:45,12.3300,4,23412.0000,19,B,12.3200,12.3100,12.3000,12.2900,12.2800,12.3300,12.3400,12.3500,12.3600,12.3700,94,2162,2303,987,1013,193,3373,4348,1273,701
SZ,000001,2019-06-11 09:35:48,12.3300,8,46844.0000,38,B,12.3200,12.3100,12.3000,12.2900,12.2800,12.3300,12.3400,12.3500,12.3600,12.3700,499,2328,2305,987,1018,165,3373,4348,1273,701
SZ,000001,2019-06-11 09:35:51,12.3200,24,92452.0000,75,S,12.3200,12.3100,12.3000,12.2900,12.2800,12.3300,12.3400,12.3500,12.3600,12.3700,669,2343,2321,987,1018,212,3373,4348,1273,701
SZ,000001,2019-06-11 09:35:54,12.3200,21,184928.0000,150,S,12.3200,12.3100,12.3000,12.2900,12.2800,12.3300,12.3400,12.3500,12.3600,12.3700,656,2343,2321,987,1018,90,3369,4348,1273,701
SZ,000001,2019-06-11 09:35:57,12.3300,12,146696.0000,119,B,12.3200,12.3100,12.3000,12.2900,12.2800,12.3300,12.3400,12.3500,12.3600,12.3700,644,2327,2321,987,1018,56,3369,4348,1273,751
SZ,000001,2019-06-11 09:36:00,12.3400,18,2561628.0000,2076,B,12.3200,12.3100,12.3000,12.2900,12.2800,12.3300,12.3400,12.3500,12.3600,12.3700,756,2397,2335,987,1018,12,1400,4348,1273,751
SZ,000001,2019-06-11 09:36:03,12.3400,8,67796.0000,55,B,12.3300,12.3200,12.3100,12.3000,12.2900,12.3400,12.3500,12.3600,12.3700,12.3800,256,828,2394,2335,987,1396,4348,1263,751,379
SZ,000001,2019-06-11 09:36:06,12.3300,41,785392.0000,637,S,12.3200,12.3100,12.3000,12.2900,12.2800,12.3300,12.3400,12.3500,12.3600,12.3700,797,2394,2347,987,1018,5,1474,4348,1263,751
SZ,000001,2019-06-11 09:36:09,12.3300,5,6168.0000,5,B,12.3300,12.3200,12.3100,12.3000,12.2900,12.3400,12.3500,12.3600,12.3700,12.3800,32,1021,2404,2347,987,1399,4348,1263,751,369
SZ,000001,2019-06-11 09:36:12,12.3400,12,111048.0000,90,B,12.3300,12.3200,12.3100,12.3000,12.2900,12.3400,12.3500,12.3600,12.3700,12.3800,91,1019,2404,2347,987,1619,4348,1263,751,369
SZ,000001,2019-06-11 09:36:15,12.3300,29,650604.0000,528,S,12.3300,12.3200,12.3100,12.3000,12.2900,12.3400,12.3500,12.3600,12.3700,12.3800,501,626,2404,2347,987,2415,4348,1263,751,369
SZ,000001,2019-06-11 09:36:18,12.3400,17,920404.0000,746,B,12.3300,12.3200,12.3100,12.3000,12.2900,12.3400,12.3500,12.3600,12.3700,12.3800,433,656,2404,2349,987,1820,4348,1263,751,369
SZ,000001,2019-06-11 09:36:21,12.3400,4,38228.0000,31,B,12.3300,12.3200,12.3100,12.3000,12.2900,12.3400,12.3500,12.3600,12.3700,12.3800,711,687,2404,2376,987,1823,4348,1323,751,369
SZ,000001,2019-06-11 09:36:24,12.3300,7,271412.0000,220,S,12.3300,12.3200,12.3100,12.3000,12.2900,12.3400,12.3500,12.3600,12.3700,12.3800,1538,687,2504,2376,987,1647,4348,1323,751,369
SZ,000001,2019-06-11 09:36:27,12.3400,11,578320.0000,469,B,12.3300,12.3200,12.3100,12.3000,12.2900,12.3400,12.3500,12.3600,12.3700,12.3800,1272,708,2603,2348,1037,1625,4348,1323,701,369
SZ,000001,2019-06-11 09:36:30,12.3400,6,106104.0000,86,B,12.3300,12.3200,12.3100,12.3000,12.2900,12.3400,12.3500,12.3600,12.3700,12.3800,1255,1021,2595,2348,1001,1561,4348,1323,721,369
SZ,000001,2019-06-11 09:36:33,12.3300,25,1895408.0000,1536,S,12.3300,12.3200,12.3100,12.3000,12.2900,12.3400,12.3500,12.3600,12.3700,12.3800,1315,1051,2595,2355,1001,43,4348,1323,721,369
SZ,000001,2019-06-11 09:36:36,12.3400,14,570072.0000,462,B,12.3400,12.3300,12.3200,12.3100,12.3000,12.3500,12.3600,12.3700,12.3800,12.3900,45,1411,1059,2579,2355,4420,1323,721,369,624
SZ,000001,2019-06-11 09:36:39,12.3500,4,64208.0000,52,B,12.3400,12.3300,12.3200,12.3100,12.3000,12.3500,12.3600,12.3700,12.3800,12.3900,94,1416,1057,2679,2355,4576,1323,721,369,624
SZ,000001,2019-06-11 09:36:42,12.3500,5,44432.0000,36,B,12.3400,12.3300,12.3200,12.3100,12.3000,12.3500,12.3600,12.3700,12.3800,12.3900,143,1483,1066,2679,2352,5106,1323,721,369,624
SZ,000001,2019-06-11 09:36:45,12.3500,16,181448.0000,147,B,12.3400,12.3300,12.3200,12.3100,12.3000,12.3500,12.3600,12.3700,12.3800,12.3900,94,1463,1144,2679,2348,5150,1323,721,369,624
SZ,000001,2019-06-11 09:36:48,12.3400,19,435600.0000,353,S,12.3300,12.3200,12.3100,12.3000,12.2900,12.3400,12.3500,12.3600,12.3700,12.3800,1393,1144,2674,2348,1001,7,5254,1323,721,369
SZ,000001,2019-06-11 09:36:51,12.3500,20,109816.0000,89,B,12.3300,12.3200,12.3100,12.3000,12.2900,12.3500,12.3600,12.3700,12.3800,12.3900,1501,1144,2684,2358,1001,5193,1323,721,369,634
SZ,000001,2019-06-11 09:36:54,12.3400,6,87592.0000,71,S,12.3300,12.3200,12.3100,12.3000,12.2900,12.3400,12.3500,12.3600,12.3700,12.3800,1462,1144,2684,2359,1001,236,5182,1323,721,369
SZ,000001,2019-06-11 09:36:57,12.3400,5,50592.0000,41,B,12.3300,12.3200,12.3100,12.3000,12.2900,12.3400,12.3500,12.3600,12.3700,12.3800,1540,1144,2684,2359,991,225,5035,1318,721,369
SZ,000001,2019-06-11 09:37:00,12.3400,9,127016.0000,103,B,12.3300,12.3200,12.3100,12.3000,12.2900,12.3400,12.3500,12.3600,12.3700,12.3800,2174,1114,2684,2349,991,343,4501,1318,721,369
SZ,000001,2019-06-11 09:37:03,12.3300,10,292440.0000,237,S,12.3300,12.3200,12.3100,12.3000,12.2900,12.3400,12.3500,12.3600,12.3700,12.3800,2153,1114,2684,2349,991,227,4501,1318,721,369
SZ,000001,2019-06-11 09:37:06,12.3500,9,423344.0000,343,B,12.3400,12.3300,12.3200,12.3100,12.3000,12.3500,12.3600,12.3700,12.3800,12.3900,1,2404,1125,2685,2374,4370,1318,721,370,634
SZ,000001,2019-06-11 09:37:09,12.3400,5,23448.0000,19,S,12.3300,12.3200,12.3100,12.3000,12.2900,12.3400,12.3500,12.3600,12.3700,12.3800,2567,1114,2681,2377,991,13,4415,1318,721,370
SZ,000001,2019-06-11 09:37:12,12.3500,10,49360.0000,40,B,12.3400,12.3300,12.3200,12.3100,12.3000,12.3500,12.3600,12.3700,12.3800,12.3900,15,2596,1124,2681,2377,4932,1258,721,370,637
SZ,000001,2019-06-11 09:37:15,12.3300,12,77744.0000,63,S,12.3300,12.3200,12.3100,12.3000,12.2900,12.3400,12.3500,12.3600,12.3700,12.3800,2581,1135,2681,2337,991,208,4945,1258,721,370
SZ,000001,2019-06-11 09:37:18,12.3400,16,371432.0000,301,B,12.3300,12.3200,12.3100,12.3000,12.2900,12.3400,12.3500,12.3600,12.3700,12.3800,2597,1135,2681,2347,991,260,4545,1268,721,370
SZ,000001,2019-06-11 09:37:21,12.3400,7,176424.0000,143,B,12.3300,12.3200,12.3100,12.3000,12.2900,12.3400,12.3500,12.3600,12.3700,12.3800,2593,1121,2680,2347,991,4086,4546,1275,721,370
SZ,000001,2019-06-11 09:37:24,12.3400,8,71552.0000,58,B,12.3300,12.3200,12.3100,12.3000,12.2900,12.3400,12.3500,12.3600,12.3700,12.3800,2621,1048,2680,2347,991,4565,4546,1275,721,370
SZ,000001,2019-06-11 09:37:27,12.3300,3,17280.0000,14,S,12.3300,12.3200,12.3100,12.3000,12.2900,12.3400,12.3500,12.3600,12.3700,12.3800,2722,1039,2686,2347,991,4554,4557,1275,721,370
SZ,000001,2019-06-11 09:37:30,12.3400,6,228288.0000,185,B,12.3300,12.3200,12.3100,12.3000,12.2900,12.3400,12.3500,12.3600,12.3700,12.3800,2768,1044,2686,2347,991,4407,4586,1275,721,370
SZ,000001,2019-06-11 09:37:33,12.3300,51,3458576.0000,2805,S,12.3200,12.3100,12.3000,12.2900,12.2800,12.3300,12.3400,12.3500,12.3600,12.3700,1043,2686,2347,991,983,2522,4550,4416,1275,721
SZ,000001,2019-06-11 09:37:36,12.3300,5,40688.0000,33,B,12.3200,12.3100,12.3000,12.2900,12.2800,12.3300,12.3400,12.3500,12.3600,12.3700,1581,2681,2391,991,983,3097,4133,4516,1275,721
SZ,000001,2019-06-11 09:37:39,12.3200,4,60392.0000,49,S,12.3200,12.3100,12.3000,12.2900,12.2800,12.3300,12.3400,12.3500,12.3600,12.3700,1581,2751,2391,1007,983,3076,4133,4526,1275,721
SZ,000001,2019-06-11 09:37:42,12.3300,11,272272.0000,221,B,12.3200,12.3100,12.3000,12.2900,12.2800,12.3300,12.3400,12.3500,12.3600,12.3700,1531,2751,2391,1007,983,3340,4133,4526,1275,722
SZ,000001,2019-06-11 09:37:45,12.3300,3,32056.0000,26,B,12.3200,12.3100,12.3000,12.2900,12.2800,12.3300,12.3400,12.3500,12.3600,12.3700,1545,2594,2391,1007,983,3318,4133,4526,1275,722
SZ,000001,2019-06-11 09:37:48,12.3200,8,906184.0000,735,S,12.3200,12.3100,12.3000,12.2900,12.2800,12.3300,12.3400,12.3500,12.3600,12.3700,1456,2594,2391,1007,983,2654,4133,4526,1275,722
SZ,000001,2019-06-11 09:37:51,12.3200,3,631288.0000,512,S,12.3200,12.3100,12.3000,12.2900,12.2800,12.3300,12.3400,12.3500,12.3600,12.3700,1448,2594,2393,1007,983,2162,4133,4526,1275,722
SZ,000001,2019-06-11 09:37:54,12.3200,15,335120.0000,272,S,12.3200,12.3100,12.3000,12.2900,12.2800,12.3300,12.3400,12.3500,12.3600,12.3700,1240,2594,2390,1007,983,2144,4133,4548,1275,722
SZ,000001,2019-06-11 09:37:57,12.3200,5,70280.0000,57,S,12.3200,12.3100,12.3000,12.2900,12.2800,12.3300,12.3400,12.3500,12.3600,12.3700,1245,2594,2396,1007,983,2114,4133,4548,1275,722
SZ,000001,2019-06-11 09:38:00,12.3200,2,11088.0000,9,S,12.3200,12.3100,12.3000,12.2900,12.2800,12.3300,12.3400,12.3500,12.3600,12.3700,1296,2594,2396,1007,983,2174,4133,4595,1275,722
SZ,000001,2019-06-11 09:38:03,12.3200,5,19712.0000,16,S,12.3200,12.3100,12.3000,12.2900,12.2800,12.3300,12.3400,12.3500,12.3600,12.3700,1336,2594,2396,1007,1198,2166,4133,4595,1275,722
SZ,000001,2019-06-11 09:38:06,12.3200,18,1753024.0000,1422,S,12.3200,12.3100,12.3000,12.2900,12.2800,12.3300,12.3400,12.3500,12.3600,12.3700,1169,2599,2412,1007,1198,1054,4151,4596,1275,722
SZ,000001,2019-06-11 09:38:09,12.3200,24,519080.0000,421,S,12.3200,12.3100,12.3000,12.2900,12.2800,12.3300,12.3400,12.3500,12.3600,12.3700,1348,2599,2412,1004,1198,661,4151,4596,1275,712
SZ,000001,2019-06-11 09:38:12,12.3300,42,1008152.0000,818,B,12.3200,12.3100,12.3000,12.2900,12.2800,12.3300,12.3400,12.3500,12.3600,12.3700,1433,2530,2412,1004,1198,289,4151,4596,1275,712
SZ,000001,2019-06-11 09:38:15,12.3300,29,1384240.0000,1122,B,12.3300,12.3200,12.3100,12.3000,12.2900,12.3400,12.3500,12.3600,12.3700,12.3800,110,1433,2520,2412,1004,3331,4596,1275,712,352
SZ,000001,2019-06-11 09:38:18,12.3400,36,1093192.0000,886,B,12.3300,12.3200,12.3100,12.3000,12.2900,12.3400,12.3500,12.3600,12.3700,12.3800,2,1230,2530,2741,1004,2570,4596,1275,754,352
SZ,000001,2019-06-11 09:38:21,12.3300,14,935312.0000,758,S,12.3300,12.3200,12.3100,12.3000,12.2900,12.3400,12.3500,12.3600,12.3700,12.3800,1171,583,2530,2712,1004,1814,4696,1275,754,352
SZ,000001,2019-06-11 09:38:24,12.3300,33,1578288.0000,1279,S,12.3300,12.3200,12.3100,12.3000,12.2900,12.3400,12.3500,12.3600,12.3700,12.3800,1175,583,2530,2762,1004,1109,4692,1285,754,352
SZ,000001,2019-06-11 09:38:27,12.3500,42,1867400.0000,1513,B,12.3400,12.3300,12.3200,12.3100,12.3000,12.3500,12.3600,12.3700,12.3800,12.3900,11,1268,583,2530,2782,4392,1285,754,352,965
SZ,000001,2019-06-11 09:38:30,12.3500,31,719944.0000,583,B,12.3400,12.3300,12.3200,12.3100,12.3000,12.3500,12.3600,12.3700,12.3800,12.3900,1,1049,583,2530,2782,4604,1278,754,352,965
SZ,000001,2019-06-11 09:38:33,12.3500,13,1206592.0000,977,B,12.3400,12.3300,12.3200,12.3100,12.3000,12.3500,12.3600,12.3700,12.3800,12.3900,1011,357,587,2530,2794,3711,1278,754,352,965
SZ,000001,2019-06-11 09:38:36,12.3600,74,6262536.0000,5070,B,12.3600,12.3500,12.3400,12.3300,12.3200,12.3700,12.3800,12.3900,12.4000,12.4100,156,1206,1166,427,844,715,352,965,454,176
SZ,000001,2019-06-11 09:38:39,12.3700,33,1249656.0000,1010,B,12.3600,12.3500,12.3400,12.3300,12.3200,12.3700,12.3800,12.3900,12.4000,12.4100,1021,1368,216,427,930,337,65,965,454,176
SZ,000001,2019-06-11 09:38:42,12.3800,29,690560.0000,558,B,12.3700,12.3600,12.3500,12.3400,12.3300,12.3800,12.3900,12.4000,12.4100,12.4200,2211,1454,887,211,429,95,834,454,176,411
SZ,000001,2019-06-11 09:38:45,12.3700,57,3742984.0000,3025,S,12.3700,12.3600,12.3500,12.3400,12.3300,12.3800,12.3900,12.4000,12.4100,12.4200,943,18,887,214,485,105,423,454,176,411
SZ,000001,2019-06-11 09:38:48,12.3800,14,118840.0000,96,B,12.3700,12.3600,12.3500,12.3400,12.3300,12.3800,12.3900,12.4000,12.4100,12.4200,1131,104,884,214,505,57,654,454,176,411
SZ,000001,2019-06-11 09:38:51,12.3900,20,686272.0000,554,B,12.3800,12.3700,12.3600,12.3500,12.3400,12.3900,12.4000,12.4100,12.4200,12.4300,45,1247,101,919,214,197,454,176,414,388
SZ,000001,2019-06-11 09:38:54,12.3800,15,454344.0000,367,S,12.3700,12.3600,12.3500,12.3400,12.3300,12.3800,12.3900,12.4000,12.4100,12.4200,1067,101,919,252,511,111,334,420,176,414
SZ,000001,2019-06-11 09:38:57,12.3900,5,352984.0000,285,B,12.3800,12.3700,12.3600,12.3500,12.3400,12.3900,12.4000,12.4100,12.4200,12.4300,58,1260,101,924,252,221,737,176,414,388
SZ,000001,2019-06-11 09:39:00,12.3900,16,117656.0000,95,B,12.3800,12.3700,12.3600,12.3500,12.3400,12.3900,12.4000,12.4100,12.4200,12.4300,16,1067,101,932,252,337,722,176,414,388
SZ,000001,2019-06-11 09:39:03,12.3900,36,613352.0000,495,B,12.3800,12.3700,12.3600,12.3500,12.3400,12.4000,12.4100,12.4200,12.4300,12.4400,1057,187,101,937,252,664,180,414,388,306
SZ,000001,2019-06-11 09:39:06,12.4000,18,282560.0000,228,B,12.3900,12.3800,12.3700,12.3600,12.3500,12.4000,12.4100,12.4200,12.4300,12.4400,14,1322,187,101,925,594,180,414,378,306
SZ,000001,2019-06-11 09:39:09,12.3900,17,271344.0000,219,S,12.3900,12.3800,12.3700,12.3600,12.3500,12.4000,12.4100,12.4200,12.4300,12.4400,734,297,187,101,393,541,176,414,378,326
SZ,000001,2019-06-11 09:39:12,12.4000,27,269080.0000,217,B,12.3900,12.3800,12.3700,12.3600,12.3500,12.4000,12.4100,12.4200,12.4300,12.4400,1045,390,187,101,393,407,176,414,358,326
SZ,000001,2019-06-11 09:39:15,12.4000,14,181016.0000,146,B,12.3900,12.3800,12.3700,12.3600,12.3500,12.4000,12.4100,12.4200,12.4300,12.4400,1052,390,187,161,393,321,176,414,358,326
SZ,000001,2019-06-11 09:39:18,12.4000,13,332264.0000,268,B,12.3900,12.3800,12.3700,12.3600,12.3500,12.4000,12.4100,12.4200,12.4300,12.4400,1034,384,233,153,395,187,199,851,373,330
SZ,000001,2019-06-11 09:39:21,12.4000,16,376920.0000,304,B,12.3900,12.3800,12.3700,12.3600,12.3500,12.4000,12.4100,12.4200,12.4300,12.4400,1373,387,233,153,395,114,199,851,373,330
SZ,000001,2019-06-11 09:39:24,12.4100,23,763720.0000,616,B,12.4000,12.3900,12.3800,12.3700,12.3600,12.4100,12.4200,12.4300,12.4400,12.4500,273,1162,417,231,153,161,851,373,330,2884
SZ,000001,2019-06-11 09:39:27,12.4000,33,1251744.0000,1010,S,12.3900,12.3800,12.3700,12.3600,12.3500,12.4000,12.4100,12.4200,12.4300,12.4400,175,417,251,161,841,0,463,891,373,361
SZ,000001,2019-06-11 09:39:30,12.3900,12,126480.0000,102,S,12.3900,12.3800,12.3700,12.3600,12.3500,12.4100,12.4200,12.4300,12.4400,12.4500,558,427,251,161,861,475,900,373,370,2884
SZ,000001,2019-06-11 09:39:33,12.3900,26,862456.0000,696,S,12.3800,12.3700,12.3600,12.3500,12.3400,12.3900,12.4000,12.4100,12.4200,12.4300,430,352,161,861,307,292,29,674,900,373
SZ,000001,2019-06-11 09:39:36,12.3900,10,131280.0000,106,B,12.3800,12.3700,12.3600,12.3500,12.3400,12.3900,12.4000,12.4100,12.4200,12.4300,540,352,161,871,307,312,269,679,902,373
SZ,000001,2019-06-11 09:39:39,12.3900,2,40888.0000,33,B,12.3800,12.3700,12.3600,12.3500,12.3400,12.3900,12.4000,12.4100,12.4200,12.4300,540,352,161,871,307,973,289,576,902,363
SZ,000001,2019-06-11 09:39:42,12.3800,7,164728.0000,133,S,12.3800,12.3700,12.3600,12.3500,12.3400,12.3900,12.4000,12.4100,12.4200,12.4300,490,352,161,871,307,912,289,576,902,363
SZ,000001,2019-06-11 09:39:45,12.3800,15,521560.0000,421,S,12.3800,12.3700,12.3600,12.3500,12.3400,12.3900,12.4000,12.4100,12.4200,12.4300,431,352,161,871,307,570,294,576,902,363
SZ,000001,2019-06-11 09:39:48,12.3900,5,79248.0000,64,B,12.3800,12.3700,12.3600,12.3500,12.3400,12.3900,12.4000,12.4100,12.4200,12.4300,384,352,161,871,327,608,674,566,902,363
SZ,000001,2019-06-11 09:39:51,12.3900,5,73072.0000,59,B,12.3800,12.3700,12.3600,12.3500,12.3400,12.3900,12.4000,12.4100,12.4200,12.4300,362,352,161,871,327,585,676,566,902,363
SZ,000001,2019-06-11 09:39:54,12.3900,3,33440.0000,27,B,12.3800,12.3700,12.3600,12.3500,12.3400,12.3900,12.4000,12.4100,12.4200,12.4300,375,454,167,871,330,589,814,571,902,363
SZ,000001,2019-06-11 09:39:57,12.3900,10,374112.0000,302,B,12.3800,12.3700,12.3600,12.3500,12.3400,12.3900,12.4000,12.4100,12.4200,12.4300,307,455,216,871,330,358,624,440,902,363
SZ,000001,2019-06-11 09:40:00,12.3900,23,801128.0000,647,B,12.3700,12.3600,12.3500,12.3400,12.3300,12.3900,12.4000,12.4100,12.4200,12.4300,455,216,871,330,538,217,735,440,910,413
SZ,000001,2019-06-11 09:40:03,12.3900,21,983768.0000,794,B,12.3900,12.3800,12.3700,12.3600,12.3500,12.4000,12.4100,12.4200,12.4300,12.4400,902,1,455,216,881,735,418,910,413,479
SZ,000001,2019-06-11 09:40:06,12.3900,7,407632.0000,329,S,12.3900,12.3800,12.3700,12.3600,12.3500,12.4000,12.4100,12.4200,12.4300,12.4400,857,10,455,221,886,869,438,910,413,479
SZ,000001,2019-06-11 09:40:09,12.3900,3,12392.0000,10,S,12.3900,12.3800,12.3700,12.3600,12.3500,12.4000,12.4100,12.4200,12.4300,12.4400,852,20,455,238,886,1141,468,913,413,479
SZ,000001,2019-06-11 09:40:12,12.3900,12,728544.0000,588,S,12.3900,12.3800,12.3700,12.3600,12.3500,12.4000,12.4100,12.4200,12.4300,12.4400,282,20,455,238,886,1153,520,913,413,479
SZ,000001,2019-06-11 09:40:15,12.3900,33,467096.0000,377,S,12.3800,12.3700,12.3600,12.3500,12.3400,12.3900,12.4000,12.4100,12.4200,12.4300,16,455,238,879,330,1357,1170,517,913,413
SZ,000001,2019-06-11 09:40:18,12.3900,11,35904.0000,29,B,12.3800,12.3700,12.3600,12.3500,12.3400,12.3900,12.4000,12.4100,12.4200,12.4300,27,455,238,884,330,1711,1165,515,913,413
SZ,000001,2019-06-11 09:40:21,12.3800,1,2480.0000,2,S,12.3800,12.3700,12.3600,12.3500,12.3400,12.3900,12.4000,12.4100,12.4200,12.4300,117,487,238,880,330,2244,919,520,963,418
SZ,000001,2019-06-11 09:40:24,12.3800,9,386256.0000,312,S,12.3700,12.3600,12.3500,12.3400,12.3300,12.3800,12.3900,12.4000,12.4100,12.4200,487,238,887,334,494,3062,2281,976,520,963
SZ,000001,2019-06-11 09:40:27,12.3800,23,650688.0000,526,B,12.3600,12.3500,12.3400,12.3300,12.3200,12.3700,12.3800,12.3900,12.4000,12.4100,238,887,334,494,894,38,4166,1753,989,518
SZ,000001,2019-06-11 09:40:30,12.3700,7,247536.0000,200,B,12.3600,12.3500,12.3400,12.3300,12.3200,12.3700,12.3800,12.3900,12.4000,12.4100,238,887,334,494,894,238,4077,1947,989,495
SZ,000001,2019-06-11 09:40:33,12.3600,1,1232.0000,1,S,12.3600,12.3500,12.3400,12.3300,12.3200,12.3700,12.3800,12.3900,12.4000,12.4100,274,888,335,494,894,939,3303,1947,989,495
SZ,000001,2019-06-11 09:40:36,12.3600,6,55640.0000,45,S,12.3600,12.3500,12.3400,12.3300,12.3200,12.3700,12.3800,12.3900,12.4000,12.4100,275,888,297,494,894,935,3297,1947,886,495
SZ,000001,2019-06-11 09:40:39,12.3700,26,1094688.0000,885,B,12.3600,12.3500,12.3400,12.3300,12.3200,12.3700,12.3800,12.3900,12.4000,12.4100,220,896,297,524,894,348,3321,1847,539,495
SZ,000001,2019-06-11 09:40:42,12.3700,13,357488.0000,289,B,12.3600,12.3500,12.3400,12.3300,12.3200,12.3700,12.3800,12.3900,12.4000,12.4100,216,941,297,524,914,59,3321,1651,535,495
SZ,000001,2019-06-11 09:40:45,12.3600,5,53160.0000,43,S,12.3600,12.3500,12.3400,12.3300,12.3200,12.3700,12.3800,12.3900,12.4000,12.4100,183,931,297,524,914,161,3330,1645,543,495
SZ,000001,2019-06-11 09:40:48,12.3800,13,221424.0000,179,B,12.3700,12.3600,12.3500,12.3400,12.3300,12.3800,12.3900,12.4000,12.4100,12.4200,196,183,941,297,693,3328,1645,543,495,986
SZ,000001,2019-06-11 09:40:51,12.3700,3,32168.0000,26,S,12.3700,12.3600,12.3500,12.3400,12.3300,12.3800,12.3900,12.4000,12.4100,12.4200,277,164,1011,297,693,3835,1645,543,505,987
SZ,000001,2019-06-11 09:40:54,12.3700,3,23504.0000,19,S,12.3700,12.3600,12.3500,12.3400,12.3300,12.3800,12.3900,12.4000,12.4100,12.4200,334,174,1011,297,693,3835,1630,540,505,987
SZ,000001,2019-06-11 09:40:57,12.3700,7,84168.0000,68,S,12.3700,12.3600,12.3500,12.3400,12.3300,12.3800,12.3900,12.4000,12.4100,12.4200,333,174,1011,297,698,3779,1630,540,515,987
SZ,000001,2019-06-11 09:41:00,12.3700,21,430496.0000,348,S,12.3600,12.3500,12.3400,12.3300,12.3200,12.3700,12.3800,12.3900,12.4000,12.4100,204,1021,299,698,1025,844,3762,1640,440,515
SZ,000001,2019-06-11 09:41:03,12.3700,6,216472.0000,175,B,12.3600,12.3500,12.3400,12.3300,12.3200,12.3700,12.3800,12.3900,12.4000,12.4100,201,1021,304,698,1025,927,3245,1640,460,515
SZ,000001,2019-06-11 09:41:06,12.3700,5,163264.0000,132,B,12.3600,12.3500,12.3400,12.3300,12.3200,12.3700,12.3800,12.3900,12.4000,12.4100,386,1031,304,698,1025,900,3255,1640,460,525
SZ,000001,2019-06-11 09:41:09,12.3700,8,131120.0000,106,B,12.3600,12.3500,12.3400,12.3300,12.3200,12.3700,12.3800,12.3900,12.4000,12.4100,461,1031,304,698,1025,1055,3255,1640,474,526
SZ,000001,2019-06-11 09:41:12,12.3600,39,903616.0000,731,S,12.3500,12.3400,12.3300,12.3200,12.3100,12.3600,12.3700,12.3800,12.3900,12.4000,1030,303,708,1035,2086,399,988,3255,1640,500
SZ,000001,2019-06-11 09:41:15,12.3600,6,1208888.0000,978,B,12.3500,12.3400,12.3300,12.3200,12.3100,12.3600,12.3700,12.3800,12.3900,12.4000,1030,303,728,1035,2086,14,445,3252,1630,500
SZ,000001,2019-06-11 09:41:18,12.3500,4,149448.0000,121,S,12.3500,12.3400,12.3300,12.3200,12.3100,12.3600,12.3700,12.3800,12.3900,12.4000,938,803,728,1035,2086,3,465,3252,1315,501
SZ,000001,2019-06-11 09:41:21,12.3600,9,394480.0000,319,B,12.3500,12.3400,12.3300,12.3200,12.3100,12.3600,12.3700,12.3800,12.3900,12.4000,1040,804,728,1035,2086,48,241,3252,1315,501
SZ,000001,2019-06-11 09:41:24,12.3700,12,241160.0000,195,B,12.3600,12.3500,12.3400,12.3300,12.3200,12.3700,12.3800,12.3900,12.4000,12.4100,163,1235,804,733,1035,105,3252,1315,481,516
SZ,000001,2019-06-11 09:41:27,12.3600,7,75416.0000,61,S,12.3600,12.3500,12.3400,12.3300,12.3200,12.3700,12.3800,12.3900,12.4000,12.4100,455,1179,804,728,1035,214,3254,1315,481,516
SZ,000001,2019-06-11 09:41:30,12.3700,17,332728.0000,269,B,12.3700,12.3600,12.3500,12.3400,12.3300,12.3800,12.3900,12.4000,12.4100,12.4200,36,1313,1179,804,728,3239,1315,481,537,620
SZ,000001,2019-06-11 09:41:33,12.3800,8,111328.0000,90,B,12.3700,12.3600,12.3500,12.3400,12.3300,12.3800,12.3900,12.4000,12.4100,12.4200,120,1259,1179,804,798,3660,1315,481,537,620
SZ,000001,2019-06-11 09:41:36,12.3700,17,426760.0000,345,S,12.3600,12.3500,12.3400,12.3300,12.3200,12.3700,12.3800,12.3900,12.4000,12.4100,1304,1179,805,798,1079,161,3664,1310,481,537
SZ,000001,2019-06-11 09:41:39,12.3700,16,390856.0000,316,B,12.3600,12.3500,12.3400,12.3300,12.3200,12.3700,12.3800,12.3900,12.4000,12.4100,1268,1232,805,798,1079,1141,3335,1310,531,537
SZ,000001,2019-06-11 09:41:42,12.3700,8,115032.0000,93,B,12.3600,12.3500,12.3400,12.3300,12.3200,12.3700,12.3800,12.3900,12.4000,12.4100,1110,1232,805,798,1066,1093,3256,1310,542,538
SZ,000001,2019-06-11 09:41:45,12.3600,9,476224.0000,385,S,12.3600,12.3500,12.3400,12.3300,12.3200,12.3700,12.3800,12.3900,12.4000,12.4100,1110,1232,805,798,1066,964,3256,1310,547,538
SZ,000001,2019-06-11 09:41:48,12.3700,3,8656.0000,7,B,12.3600,12.3500,12.3400,12.3300,12.3200,12.3700,12.3800,12.3900,12.4000,12.4100,1110,1219,805,798,1066,976,3261,1310,525,533
SZ,000001,2019-06-11 09:41:51,12.3700,3,12368.0000,10,B,12.3600,12.3500,12.3400,12.3300,12.3200,12.3700,12.3800,12.3900,12.4000,12.4100,1228,1219,805,798,1074,966,3261,1310,527,533
SZ,000001,2019-06-11 09:41:54,12.3700,3,4952.0000,4,B,12.3600,12.3500,12.3400,12.3300,12.3200,12.3700,12.3800,12.3900,12.4000,12.4100,2028,1219,1305,998,1074,1134,3261,1310,530,533
SZ,000001,2019-06-11 09:41:57,12.3700,7,168192.0000,136,B,12.3600,12.3500,12.3400,12.3300,12.3200,12.3700,12.3800,12.3900,12.4000,12.4100,2065,1219,1305,968,1074,1074,3261,1310,530,533
SZ,000001,2019-06-11 09:42:00,12.3700,19,1474480.0000,1192,B,12.3700,12.3600,12.3500,12.3400,12.3300,12.3800,12.3900,12.4000,12.4100,12.4200,395,2076,1220,1305,1418,3252,1310,580,528,625
SZ,000001,2019-06-11 09:42:03,12.3700,4,66800.0000,54,S,12.3700,12.3600,12.3500,12.3400,12.3300,12.3800,12.3900,12.4000,12.4100,12.4200,341,2041,1223,1305,1418,3792,1310,587,528,629
SZ,000001,2019-06-11 09:42:06,12.3700,19,1366184.0000,1105,S,12.3700,12.3600,12.3500,12.3400,12.3300,12.3800,12.3900,12.4000,12.4100,12.4200,178,1348,1203,1297,1418,3795,1328,587,528,629
SZ,000001,2019-06-11 09:42:09,12.3700,7,235032.0000,190,S,12.3600,12.3500,12.3400,12.3300,12.3200,12.3700,12.3800,12.3900,12.4000,12.4100,1351,1199,1297,1418,1079,110,3799,1311,587,528
SZ,000001,2019-06-11 09:42:12,12.3700,2,39584.0000,32,B,12.3600,12.3500,12.3400,12.3300,12.3200,12.3700,12.3800,12.3900,12.4000,12.4100,1358,1201,1297,1418,1079,360,3799,1311,597,528
SZ,000001,2019-06-11 09:42:15,12.3700,5,28448.0000,23,B,12.3600,12.3500,12.3400,12.3300,12.3200,12.3700,12.3800,12.3900,12.4000,12.4100,1384,1201,1297,1418,1115,682,3261,1311,597,528
SZ,000001,2019-06-11 09:42:18,12.3600,11,351288.0000,284,S,12.3600,12.3500,12.3400,12.3300,12.3200,12.3700,12.3800,12.3900,12.4000,12.4100,1355,1211,1297,1418,1115,424,3261,1311,597,507
SZ,000001,2019-06-11 09:42:21,12.3600,15,1870328.0000,1512,S,12.3600,12.3500,12.3400,12.3300,12.3200,12.3700,12.3800,12.3900,12.4000,12.4100,1367,1206,1297,1418,1115,74,3261,1311,597,507
SZ,000001,2019-06-11 09:42:24,12.3700,6,91536.0000,74,B,12.3700,12.3600,12.3500,12.3400,12.3300,12.3800,12.3900,12.4000,12.4100,12.4200,104,1367,1216,1303,1420,3251,1311,597,507,635
SZ,000001,2019-06-11 09:42:27,12.3800,5,76736.0000,62,B,12.3700,12.3600,12.3500,12.3400,12.3300,12.3800,12.3900,12.4000,12.4100,12.4200,86,1404,1216,1303,1420,3212,1311,605,507,635
SZ,000001,2019-06-11 09:42:30,12.3700,7,106384.0000,86,S,12.3700,12.3600,12.3500,12.3400,12.3300,12.3800,12.3900,12.4000,12.4100,12.4200,12,1354,1216,1305,1420,3726,1331,605,2013,635
SZ,000001,2019-06-11 09:42:33,12.3500,70,3570024.0000,2889,S,12.3400,12.3300,12.3200,12.3100,12.3000,12.3500,12.3800,12.3900,12.4000,12.4100,1305,1420,1110,1889,3442,887,3912,1331,605,2013
SZ,000001,2019-06-11 09:42:36,12.3400,16,249408.0000,202,S,12.3400,12.3300,12.3200,12.3100,12.3000,12.3500,12.3600,12.3700,12.3800,12.3900,1265,1435,1110,1889,3442,760,3,343,3912,1331
SZ,000001,2019-06-11 09:42:39,12.3500,5,653296.0000,529,B,12.3400,12.3300,12.3200,12.3100,12.3000,12.3500,12.3600,12.3700,12.3800,12.3900,1245,1435,1110,1869,3442,260,3,362,3913,1331
SZ,000001,2019-06-11 09:42:42,12.3500,2,40720.0000,33,B,12.3400,12.3300,12.3200,12.3100,12.3000,12.3500,12.3600,12.3700,12.3800,12.3900,1236,1435,1110,1869,3442,885,3,362,3396,1331
SZ,000001,2019-06-11 09:42:45,12.3700,16,1200544.0000,972,B,12.3500,12.3400,12.3300,12.3200,12.3100,12.3700,12.3800,12.3900,12.4000,12.4100,11,1337,1435,1075,1869,293,3219,1331,625,2013
SZ,000001,2019-06-11 09:42:48,12.3500,17,878576.0000,710,S,12.3500,12.3400,12.3300,12.3200,12.3100,12.3600,12.3800,12.3900,12.4000,12.4100,21,1292,1435,1075,1869,10,2669,1331,625,2013
SZ,000001,2019-06-11 09:42:51,12.3600,7,93872.0000,76,B,12.3500,12.3400,12.3300,12.3200,12.3100,12.3600,12.3700,12.3800,12.3900,12.4000,530,1198,1435,1081,1869,138,110,2646,1296,623
SZ,000001,2019-06-11 09:42:54,12.3600,4,160672.0000,130,B,12.3500,12.3400,12.3300,12.3200,12.3100,12.3600,12.3700,12.3800,12.3900,12.4000,532,1198,1435,1081,1869,57,160,2626,1296,626
SZ,000001,2019-06-11 09:42:57,12.3600,3,22256.0000,18,B,12.3500,12.3400,12.3300,12.3200,12.3100,12.3600,12.3700,12.3800,12.3900,12.4000,1407,1199,1435,1061,1869,980,160,2626,1296,626
SZ,000001,2019-06-11 09:43:00,12.3600,7,84048.0000,68,B,12.3500,12.3400,12.3300,12.3200,12.3100,12.3600,12.3700,12.3800,12.3900,12.4000,1462,1564,1435,1042,1869,937,306,2635,1296,626
SZ,000001,2019-06-11 09:43:03,12.3600,14,1231024.0000,996,B,12.3500,12.3400,12.3300,12.3200,12.3100,12.3600,12.3700,12.3800,12.3900,12.4000,1466,1564,1400,1042,1874,99,812,2705,1296,626
SZ,000001,2019-06-11 09:43:06,12.3600,11,182960.0000,148,B,12.3600,12.3500,12.3400,12.3300,12.3200,12.3700,12.3800,12.3900,12.4000,12.4100,411,1533,1564,1403,1042,798,2722,1296,658,2052
SZ,000001,2019-06-11 09:43:09,12.3700,1,3712.0000,3,B,12.3600,12.3500,12.3400,12.3300,12.3200,12.3700,12.3800,12.3900,12.4000,12.4100,178,1573,1564,1403,1072,901,2722,1296,658,2052
SZ,000001,2019-06-11 09:43:12,12.3600,10,1029168.0000,832,S,12.3600,12.3500,12.3400,12.3300,12.3200,12.3700,12.3800,12.3900,12.4000,12.4100,298,1578,1569,1403,1072,84,2714,1296,658,2052
SZ,000001,2019-06-11 09:43:15,12.3700,4,119936.0000,97,B,12.3600,12.3500,12.3400,12.3300,12.3200,12.3700,12.3800,12.3900,12.4000,12.4100,938,1482,1569,1403,1072,40,2714,1296,660,2052
SZ,000001,2019-06-11 09:43:18,12.3700,8,101440.0000,82,B,12.3700,12.3600,12.3500,12.3400,12.3300,12.3800,12.3900,12.4000,12.4100,12.4200,244,972,1482,1569,1403,2714,1296,660,2052,658
SZ,000001,2019-06-11 09:43:21,12.3800,8,336240.0000,272,B,12.3700,12.3600,12.3500,12.3400,12.3300,12.3800,12.3900,12.4000,12.4100,12.4200,199,862,1382,1569,1403,2730,1296,670,2052,659
SZ,000001,2019-06-11 09:43:24,12.3700,6,53200.0000,43,S,12.3700,12.3600,12.3500,12.3400,12.3300,12.3800,12.3900,12.4000,12.4100,12.4200,200,862,1382,1570,1403,3114,1296,670,2031,659
SZ,000001,2019-06-11 09:43:27,12.3700,7,111344.0000,90,S,12.3700,12.3600,12.3500,12.3400,12.3300,12.3800,12.3900,12.4000,12.4100,12.4200,82,862,1372,1585,1403,3120,1296,672,2031,659
SZ,000001,2019-06-11 09:43:30,12.3700,4,24752.0000,20,S,12.3700,12.3600,12.3500,12.3400,12.3300,12.3800,12.3900,12.4000,12.4100,12.4200,185,862,1480,1585,1403,3104,1296,672,2031,659
SZ,000001,2019-06-11 09:43:33,12.3700,11,53184.0000,43,S,12.3700,12.3600,12.3500,12.3400,12.3300,12.3800,12.3900,12.4000,12.4100,12.4200,142,862,1494,1585,1403,3104,1296,706,2031,659
SZ,000001,2019-06-11 09:43:36,12.3600,15,325328.0000,263,S,12.3600,12.3500,12.3400,12.3300,12.3200,12.3700,12.3800,12.3900,12.4000,12.4100,760,1504,1585,1403,937,190,3104,1296,906,2031
SZ,000001,2019-06-11 09:43:39,12.3700,10,117520.0000,95,B,12.3600,12.3500,12.3400,12.3300,12.3200,12.3700,12.3800,12.3900,12.4000,12.4100,760,1499,1585,1403,937,242,2710,1296,906,2031
SZ,000001,2019-06-11 09:43:42,12.3800,10,649664.0000,525,B,12.3600,12.3500,12.3400,12.3300,12.3200,12.3700,12.3800,12.3900,12.4000,12.4100,771,1158,1585,1403,937,2,2470,1296,906,2031
SZ,000001,2019-06-11 09:43:45,12.3700,3,638800.0000,516,B,12.3600,12.3500,12.3400,12.3300,12.3200,12.3700,12.3800,12.3900,12.4000,12.4100,962,1158,1580,1403,937,122,1947,1296,886,2031
SZ,000001,2019-06-11 09:43:48,12.3800,13,637440.0000,515,B,12.3700,12.3600,12.3500,12.3400,12.3300,12.3800,12.3900,12.4000,12.4100,12.4200,30,962,1158,1580,1403,1569,1296,886,2031,694
SZ,000001,2019-06-11 09:43:51,12.3800,8,258752.0000,209,B,12.3700,12.3600,12.3500,12.3400,12.3300,12.3800,12.3900,12.4000,12.4100,12.4200,644,964,1158,1580,1403,1355,1296,886,2031,694
SZ,000001,2019-06-11 09:43:54,12.3800,12,225296.0000,182,B,12.3700,12.3600,12.3500,12.3400,12.3300,12.3800,12.3900,12.4000,12.4100,12.4200,778,969,1275,1580,1391,1523,1296,980,2031,694
SZ,000001,2019-06-11 09:43:57,12.3700,6,32160.0000,26,S,12.3700,12.3600,12.3500,12.3400,12.3300,12.3800,12.3900,12.4000,12.4100,12.4200,880,994,1255,1580,1391,1539,1296,980,2031,694
SZ,000001,2019-06-11 09:44:00,12.3700,5,68048.0000,55,S,12.3700,12.3600,12.3500,12.3400,12.3300,12.3800,12.3900,12.4000,12.4100,12.4200,830,994,1255,1600,1391,1535,1296,987,2031,694
SZ,000001,2019-06-11 09:44:03,12.3800,52,2052560.0000,1658,B,12.3800,12.3700,12.3600,12.3500,12.3400,12.3900,12.4000,12.4100,12.4200,12.4300,414,825,1130,1258,1600,1296,987,2031,694,533
SZ,000001,2019-06-11 09:44:06,12.3800,5,40848.0000,33,S,12.3800,12.3700,12.3600,12.3500,12.3400,12.3900,12.4000,12.4100,12.4200,12.4300,466,832,1126,1279,1600,1493,1037,2031,694,533
SZ,000001,2019-06-11 09:44:09,12.3900,1,3712.0000,3,B,12.3800,12.3700,12.3600,12.3500,12.3400,12.3900,12.4000,12.4100,12.4200,12.4300,768,834,1110,1299,1600,1492,1037,2036,694,533
SZ,000001,2019-06-11 09:44:12,12.3800,7,460560.0000,372,S,12.3800,12.3700,12.3600,12.3500,12.3400,12.3900,12.4000,12.4100,12.4200,12.4300,415,842,1110,1317,1600,1505,1037,2036,694,533
SZ,000001,2019-06-11 09:44:15,12.3900,2,16096.0000,13,B,12.3800,12.3700,12.3600,12.3500,12.3400,12.3900,12.4000,12.4100,12.4200,12.4300,405,842,1111,1317,1600,1577,1057,2036,693,533
SZ,000001,2019-06-11 09:44:18,12.3800,16,264944.0000,214,S,12.3800,12.3700,12.3600,12.3500,12.3400,12.3900,12.4000,12.4100,12.4200,12.4300,344,886,1111,1327,1600,1577,1057,2036,693,538
SZ,000001,2019-06-11 09:44:21,12.3900,6,55728.0000,45,B,12.3800,12.3700,12.3600,12.3500,12.3400,12.3900,12.4000,12.4100,12.4200,12.4300,693,886,1106,1327,1600,3080,1057,2046,693,538
SZ,000001,2019-06-11 09:44:24,12.3900,8,190768.0000,154,B,12.3800,12.3700,12.3600,12.3500,12.3400,12.3900,12.4000,12.4100,12.4200,12.4300,790,883,1107,1326,1600,2981,1064,2046,693,538
SZ,000001,2019-06-11 09:44:27,12.3900,7,123872.0000,100,B,12.3800,12.3700,12.3600,12.3500,12.3400,12.3900,12.4000,12.4100,12.4200,12.4300,784,783,1107,1326,1600,2897,1064,2046,693,633
SZ,000001,2019-06-11 09:44:30,12.3800,31,2625664.0000,2120,S,12.3800,12.3700,12.3600,12.3500,12.3400,12.3900,12.4000,12.4100,12.4200,12.4300,303,783,1106,1327,1100,1797,1065,2046,713,643
SZ,000001,2019-06-11 09:44:33,12.3900,11,239072.0000,193,B,12.3800,12.3700,12.3600,12.3500,12.3400,12.3900,12.4000,12.4100,12.4200,12.4300,243,783,1106,1327,1100,2013,1557,2051,713,643
SZ,000001,2019-06-11 09:44:36,12.3800,10,97824.0000,79,S,12.3800,12.3700,12.3600,12.3500,12.3400,12.3900,12.4000,12.4100,12.4200,12.4300,260,798,1106,1357,1100,2550,1562,2051,715,643
SZ,000001,2019-06-11 09:44:39,12.3900,6,123904.0000,100,B,12.3800,12.3700,12.3600,12.3500,12.3400,12.3900,12.4000,12.4100,12.4200,12.4300,271,811,1106,1357,1100,2465,1562,2051,715,643
SZ,000001,2019-06-11 09:44:42,12.3900,3,66848.0000,54,B,12.3800,12.3700,12.3600,12.3500,12.3400,12.3900,12.4000,12.4100,12.4200,12.4300,222,824,1086,2887,1100,2507,1562,2051,715,603
SZ,000001,2019-06-11 09:44:45,12.3800,14,215488.0000,174,S,12.3800,12.3700,12.3600,12.3500,12.3400,12.3900,12.4000,12.4100,12.4200,12.4300,163,824,1086,2887,1094,2450,1615,2051,715,603
SZ,000001,2019-06-11 09:44:48,12.3900,16,632912.0000,511,B,12.3800,12.3700,12.3600,12.3500,12.3400,12.3900,12.4000,12.4100,12.4200,12.4300,124,823,1086,2887,1094,2175,1596,2051,720,603
SZ,000001,2019-06-11 09:44:51,12.3800,5,34672.0000,28,S,12.3800,12.3700,12.3600,12.3500,12.3400,12.3900,12.4000,12.4100,12.4200,12.4300,170,823,1086,2947,1094,2182,1596,2051,720,593
SZ,000001,2019-06-11 09:44:54,12.3800,4,48272.0000,39,S,12.3800,12.3700,12.3600,12.3500,12.3400,12.3900,12.4000,12.4100,12.4200,12.4300,320,823,1086,2947,1094,2180,1602,2051,720,583
SZ,000001,2019-06-11 09:44:57,12.3800,11,164720.0000,133,S,12.3800,12.3700,12.3600,12.3500,12.3400,12.3900,12.4000,12.4100,12.4200,12.4300,270,823,1066,2945,1094,2127,1602,2051,720,583
SZ,000001,2019-06-11 09:45:00,12.3800,10,157280.0000,127,S,12.3800,12.3700,12.3600,12.3500,12.3400,12.3900,12.4000,12.4100,12.4200,12.4300,251,823,1066,2993,1094,2063,1602,2051,720,583
SZ,000001,2019-06-11 09:45:03,12.3800,8,255024.0000,206,S,12.3800,12.3700,12.3600,12.3500,12.3400,12.3900,12.4000,12.4100,12.4200,12.4300,233,823,1066,2993,1094,2067,1602,2051,720,591
SZ,000001,2019-06-11 09:45:06,12.3800,13,453152.0000,366,S,12.3700,12.3600,12.3500,12.3400,12.3300,12.3800,12.3900,12.4000,12.4100,12.4200,823,1066,2993,1094,846,99,2045,1602,2054,720
SZ,000001,2019-06-11 09:45:09,12.3900,6,163424.0000,132,B,12.3700,12.3600,12.3500,12.3400,12.3300,12.3900,12.4000,12.4100,12.4200,12.4300,823,1066,2993,1094,846,2035,1612,2054,720,608
SZ,000001,2019-06-11 09:45:12,12.3900,7,1400736.0000,1131,B,12.3700,12.3600,12.3500,12.3400,12.3300,12.3900,12.4000,12.4100,12.4200,12.4300,927,1061,2983,1094,846,1652,1612,2054,720,608
SZ,000001,2019-06-11 09:45:15,12.4000,84,3649840.0000,2945,B,12.3700,12.3600,12.3500,12.3400,12.3300,12.3900,12.4000,12.4100,12.4200,12.4300,927,1061,2983,1094,846,4,499,2054,720,608
SZ,000001,2019-06-11 09:45:18,12.3900,2,17360.0000,14,B,12.3900,12.3800,12.3700,12.3600,12.3500,12.4000,12.4100,12.4200,12.4300,12.4400,188,1,1434,1061,2983,499,2054,720,2108,2202
SZ,000001,2019-06-11 09:45:21,12.3900,7,221920.0000,179,S,12.3900,12.3800,12.3700,12.3600,12.3500,12.4000,12.4100,12.4200,12.4300,12.4400,98,1,1440,1071,2883,377,2054,715,2108,2202
SZ,000001,2019-06-11 09:45:24,12.3900,1,1232.0000,1,S,12.3900,12.3800,12.3700,12.3600,12.3500,12.4000,12.4100,12.4200,12.4300,12.4400,118,11,1440,1071,2633,378,2054,715,2108,2202
SZ,000001,2019-06-11 09:45:27,12.4000,2,17360.0000,14,B,12.3900,12.3800,12.3700,12.3600,12.3500,12.4000,12.4100,12.4200,12.4300,12.4400,122,61,1450,741,2633,442,2054,715,2108,2202
SZ,000001,2019-06-11 09:45:30,12.4000,12,177200.0000,143,B,12.3900,12.3800,12.3700,12.3600,12.3500,12.4000,12.4100,12.4200,12.4300,12.4400,208,91,1450,741,2633,486,2024,715,2113,2202
SZ,000001,2019-06-11 09:45:33,12.3900,4,22304.0000,18,S,12.3900,12.3800,12.3700,12.3600,12.3500,12.4000,12.4100,12.4200,12.4300,12.4400,207,125,1442,741,2633,510,2014,715,2113,2202
SZ,000001,2019-06-11 09:45:36,12.3900,9,133824.0000,108,S,12.3900,12.3800,12.3700,12.3600,12.3500,12.4000,12.4100,12.4200,12.4300,12.4400,209,1030,1442,741,2544,613,2014,715,2113,2202
SZ,000001,2019-06-11 09:45:39,12.4000,6,56992.0000,46,B,12.3900,12.3800,12.3700,12.3600,12.3500,12.4000,12.4100,12.4200,12.4300,12.4400,167,1030,1442,741,2544,623,2014,646,2113,2202
SZ,000001,2019-06-11 09:45:42,12.3900,10,300080.0000,242,S,12.3900,12.3800,12.3700,12.3600,12.3500,12.4000,12.4100,12.4200,12.4300,12.4400,192,1030,1442,811,2544,470,2094,646,2113,2222
SZ,000001,2019-06-11 09:45:45,12.4000,21,488544.0000,394,B,12.3900,12.3800,12.3700,12.3600,12.3500,12.4000,12.4100,12.4200,12.4300,12.4400,201,1040,1442,811,2554,120,2094,646,2113,2222
SZ,000001,2019-06-11 09:45:48,12.3900,27,350832.0000,283,S,12.3900,12.3800,12.3700,12.3600,12.3500,12.4000,12.4100,12.4200,12.4300,12.4400,180,1040,1442,811,2554,9,2091,646,2113,2222
SZ,000001,2019-06-11 09:45:51,12.4000,2,12208.0000,9,B,12.4000,12.3900,12.3800,12.3700,12.3600,12.4100,12.4200,12.4300,12.4400,12.4500,172,260,1046,1422,821,2092,646,2113,2222,4004
SZ,000001,2019-06-11 09:45:54,12.4000,5,30992.0000,25,S,12.4000,12.3900,12.3800,12.3700,12.3600,12.4100,12.4200,12.4300,12.4400,12.4500,160,309,1046,1422,821,2109,646,2113,2222,4129
SZ,000001,2019-06-11 09:46:00,12.4100,34,2964816.0000,2389,B,12.4100,12.4000,12.3900,12.3800,12.3700,12.4200,12.4300,12.4400,12.4500,12.4600,515,692,362,1046,1422,666,2117,2222,4134,2228
SZ,000001,2019-06-11 09:46:03,12.4100,9,69488.0000,56,S,12.4100,12.4000,12.3900,12.3800,12.3700,12.4200,12.4300,12.4400,12.4500,12.4600,1131,894,472,1046,1422,868,2117,2221,4455,2228
SZ,000001,2019-06-11 09:46:06,12.4200,6,42208.0000,34,B,12.4100,12.4000,12.3900,12.3800,12.3700,12.4200,12.4300,12.4400,12.4500,12.4600,1921,893,496,1046,1422,856,2117,2221,4502,2228
SZ,000001,2019-06-11 09:46:09,12.4200,8,168896.0000,136,B,12.4100,12.4000,12.3900,12.3800,12.3700,12.4200,12.4300,12.4400,12.4500,12.4600,2013,898,432,1046,1422,738,2117,2221,4502,2228
SZ,000001,2019-06-11 09:46:12,12.4200,39,956352.0000,770,B,12.4200,12.4100,12.4000,12.3900,12.3800,12.4300,12.4400,12.4500,12.4600,12.4700,299,2060,896,432,1046,2117,2221,4484,2228,2626
SZ,000001,2019-06-11 09:46:15,12.4200,4,80720.0000,65,S,12.4200,12.4100,12.4000,12.3900,12.3800,12.4300,12.4400,12.4500,12.4600,12.4700,402,2000,896,421,1047,2460,2221,4476,2229,2636
SZ,000001,2019-06-11 09:46:18,12.4300,7,89488.0000,72,B,12.4200,12.4100,12.4000,12.3900,12.3800,12.4300,12.4400,12.4500,12.4600,12.4700,549,1889,901,404,1047,2394,2271,4476,2229,2636
SZ,000001,2019-06-11 09:46:21,12.4200,31,1515184.0000,1219,S,12.4200,12.4100,12.4000,12.3900,12.3800,12.4300,12.4400,12.4500,12.4600,12.4700,636,1728,871,417,1047,1221,2271,4476,2229,2636
SZ,000001,2019-06-11 09:46:24,12.4300,8,338064.0000,272,B,12.4200,12.4100,12.4000,12.3900,12.3800,12.4300,12.4400,12.4500,12.4600,12.4700,627,1733,892,417,1047,999,2291,4476,2229,2636
SZ,000001,2019-06-11 09:46:27,12.4300,16,1146000.0000,922,B,12.4200,12.4100,12.4000,12.3900,12.3800,12.4300,12.4400,12.4500,12.4600,12.4700,605,1743,882,417,1047,319,2421,4476,2229,2636
SZ,000001,2019-06-11 09:46:30,12.4300,43,1521984.0000,1225,B,12.4200,12.4100,12.4000,12.3900,12.3800,12.4300,12.4400,12.4500,12.4600,12.4700,97,1732,876,397,1047,47,2421,4464,2229,2656
SZ,000001,2019-06-11 09:46:33,12.4300,11,827840.0000,666,B,12.4200,12.4100,12.4000,12.3900,12.3800,12.4300,12.4400,12.4500,12.4600,12.4700,98,1732,876,402,1046,362,2421,4483,2229,2656
SZ,000001,2019-06-11 09:46:36,12.4200,18,600352.0000,483,S,12.4200,12.4100,12.4000,12.3900,12.3800,12.4300,12.4400,12.4500,12.4600,12.4700,221,1732,876,402,1046,1009,2421,4483,2233,4156
SZ,000001,2019-06-11 09:46:39,12.4300,8,63376.0000,51,B,12.4200,12.4100,12.4000,12.3900,12.3800,12.4300,12.4400,12.4500,12.4600,12.4700,700,1732,376,402,1046,984,2406,4571,2233,4156
SZ,000001,2019-06-11 09:46:42,12.4300,14,938432.0000,755,B,12.4200,12.4100,12.4000,12.3900,12.3800,12.4300,12.4400,12.4500,12.4600,12.4700,717,1719,371,372,1046,325,2408,4571,2233,4156
SZ,000001,2019-06-11 09:46:45,12.4400,60,2010064.0000,1617,B,12.4300,12.4200,12.4100,12.4000,12.3900,12.4400,12.4500,12.4600,12.4700,12.4800,10,327,1155,271,377,1816,4581,2233,4176,3227
SZ,000001,2019-06-11 09:46:48,12.4300,8,572208.0000,460,S,12.4300,12.4200,12.4100,12.4000,12.3900,12.4400,12.4500,12.4600,12.4700,12.4800,1372,279,755,277,377,2124,4581,2233,4178,3227
SZ,000001,2019-06-11 09:46:51,12.4300,3,261024.0000,210,S,12.4300,12.4200,12.4100,12.4000,12.3900,12.4400,12.4500,12.4600,12.4700,12.4800,1664,379,198,279,377,2169,4598,2243,4178,3232
SZ,000001,2019-06-11 09:46:54,12.4400,12,625248.0000,503,B,12.4300,12.4200,12.4100,12.4000,12.3900,12.4400,12.4500,12.4600,12.4700,12.4800,1285,379,198,279,377,2166,4598,2253,4173,3232
SZ,000001,2019-06-11 09:46:57,12.4300,7,490128.0000,394,S,12.4300,12.4200,12.4100,12.4000,12.3900,12.4400,12.4500,12.4600,12.4700,12.4800,1357,379,188,284,377,1808,4598,2253,4191,3232
SZ,000001,2019-06-11 09:47:00,12.4400,38,3223952.0000,2592,B,12.4300,12.4200,12.4100,12.4000,12.3900,12.4400,12.4500,12.4600,12.4700,12.4800,1424,379,188,448,377,5,4598,2272,4191,3247
SZ,000001,2019-06-11 09:47:03,12.4500,106,5912464.0000,4749,B,12.4500,12.4400,12.4300,12.4200,12.4100,12.4600,12.4700,12.4800,12.4900,12.5000,296,152,1354,279,54,2282,4191,3247,3688,5595
SZ,000001,2019-06-11 09:47:06,12.4400,14,679504.0000,546,S,12.4300,12.4200,12.4100,12.4000,12.3900,12.4400,12.4500,12.4600,12.4700,12.4800,1280,279,43,468,272,93,42,2282,4191,3277
SZ,000001,2019-06-11 09:47:09,12.4500,23,510160.0000,410,B,12.4400,12.4300,12.4200,12.4100,12.4000,12.4500,12.4600,12.4700,12.4800,12.4900,356,1282,379,46,478,1667,2282,4195,3287,3718
SZ,000001,2019-06-11 09:47:12,12.4400,12,1041200.0000,837,S,12.4300,12.4200,12.4100,12.4000,12.3900,12.4400,12.4500,12.4600,12.4700,12.4800,1212,379,46,478,259,326,1833,2611,4195,3287
SZ,000001,2019-06-11 09:47:15,12.4400,16,732832.0000,589,B,12.4300,12.4200,12.4100,12.4000,12.3900,12.4400,12.4500,12.4600,12.4700,12.4800,1265,379,46,478,259,129,1779,2611,4191,3287
SZ,000001,2019-06-11 09:47:18,12.4400,6,37312.0000,30,B,12.4300,12.4200,12.4100,12.4000,12.3900,12.4400,12.4500,12.4600,12.4700,12.4800,1384,379,46,478,235,175,1809,2608,4191,3280
SZ,000001,2019-06-11 09:47:21,12.4300,35,1237328.0000,995,S,12.4300,12.4200,12.4100,12.4000,12.3900,12.4400,12.4500,12.4600,12.4700,12.4800,941,390,46,486,235,302,1896,2608,4191,3287
SZ,000001,2019-06-11 09:47:24,12.4400,17,279888.0000,225,B,12.4300,12.4200,12.4100,12.4000,12.3900,12.4400,12.4500,12.4600,12.4700,12.4800,918,390,43,493,225,192,2132,2608,4191,3287
SZ,000001,2019-06-11 09:47:27,12.4300,10,96992.0000,78,S,12.4300,12.4200,12.4100,12.4000,12.3900,12.4400,12.4500,12.4600,12.4700,12.4800,1151,390,236,493,225,214,2177,2608,4191,3307
SZ,000001,2019-06-11 09:47:30,12.4400,19,850576.0000,684,B,12.4400,12.4300,12.4200,12.4100,12.4000,12.4500,12.4600,12.4700,12.4800,12.4900,596,853,390,304,493,2217,2608,4234,3507,3747
SZ,000001,2019-06-11 09:47:33,12.4400,16,761328.0000,612,S,12.4300,12.4200,12.4100,12.4000,12.3900,12.4400,12.4500,12.4600,12.4700,12.4800,772,290,306,412,242,288,3198,2708,4234,3507
SZ,000001,2019-06-11 09:47:36,12.4400,19,923840.0000,743,B,12.4300,12.4200,12.4100,12.4000,12.3900,12.4400,12.4500,12.4600,12.4700,12.4800,412,280,306,411,242,10,3215,2748,4234,3647
SZ,000001,2019-06-11 09:47:39,12.4400,11,1503968.0000,1209,B,12.4300,12.4200,12.4100,12.4000,12.3900,12.4400,12.4500,12.4600,12.4700,12.4800,411,280,306,411,246,730,2933,2835,4264,3653
SZ,000001,2019-06-11 09:47:42,12.4300,37,1174944.0000,945,S,12.4300,12.4200,12.4100,12.4000,12.3900,12.4400,12.4500,12.4600,12.4700,12.4800,76,278,306,411,228,305,2913,2835,4264,3653
SZ,000001,2019-06-11 09:47:45,12.4400,16,218912.0000,176,B,12.4300,12.4200,12.4100,12.4000,12.3900,12.4400,12.4500,12.4600,12.4700,12.4800,36,278,306,387,228,847,2997,2835,4264,3653
SZ,000001,2019-06-11 09:47:48,12.4300,9,126784.0000,102,S,12.4300,12.4200,12.4100,12.4000,12.3900,12.4400,12.4500,12.4600,12.4700,12.4800,839,278,337,387,228,846,3013,2835,4264,3653
SZ,000001,2019-06-11 09:47:51,12.4400,10,333312.0000,268,B,12.4300,12.4200,12.4100,12.4000,12.3900,12.4400,12.4500,12.4600,12.4700,12.4800,1062,278,337,387,228,750,3026,2835,4264,3653
SZ,000001,2019-06-11 09:47:54,12.4300,10,118128.0000,95,S,12.4300,12.4200,12.4100,12.4000,12.3900,12.4400,12.4500,12.4600,12.4700,12.4800,1061,278,337,387,228,1003,3036,2920,4264,3653
SZ,000001,2019-06-11 09:47:57,12.4400,5,204000.0000,164,B,12.4300,12.4200,12.4100,12.4000,12.3900,12.4400,12.4500,12.4600,12.4700,12.4800,1052,278,337,387,228,924,3036,2920,4264,3693
SZ,000001,2019-06-11 09:48:00,12.4400,16,529744.0000,426,B,12.4300,12.4200,12.4100,12.4000,12.3900,12.4400,12.4500,12.4600,12.4700,12.4800,855,278,337,387,233,712,3046,2920,4264,3693
SZ,000001,2019-06-11 09:48:03,12.4300,63,4146032.0000,3331,S,12.4300,12.4200,12.4100,12.4000,12.3900,12.4400,12.4500,12.4600,12.4700,12.4800,893,278,341,387,233,211,774,2920,2164,3693
SZ,000001,2019-06-11 09:48:06,12.4400,16,269760.0000,217,B,12.4300,12.4200,12.4100,12.4000,12.3900,12.4400,12.4500,12.4600,12.4700,12.4800,797,278,345,387,255,262,779,2871,2164,3698
SZ,000001,2019-06-11 09:48:09,12.4300,2,53488.0000,43,S,12.4300,12.4200,12.4100,12.4000,12.3900,12.4400,12.4500,12.4600,12.4700,12.4800,802,278,345,387,255,359,814,2871,2164,3698
SZ,000001,2019-06-11 09:48:12,12.4300,5,72128.0000,58,S,12.4300,12.4200,12.4100,12.4000,12.3900,12.4400,12.4500,12.4600,12.4700,12.4800,799,213,345,387,255,326,924,2871,2164,3698
SZ,000001,2019-06-11 09:48:15,12.4300,13,496048.0000,399,S,12.4300,12.4200,12.4100,12.4000,12.3900,12.4400,12.4500,12.4600,12.4700,12.4800,493,215,345,287,250,314,1088,2871,2164,3698
SZ,000001,2019-06-11 09:48:18,12.4300,26,599136.0000,482,S,12.4300,12.4200,12.4100,12.4000,12.3900,12.4400,12.4500,12.4600,12.4700,12.4800,121,215,345,657,235,336,1073,2891,2185,3698
SZ,000001,2019-06-11 09:48:21,12.4200,14,246128.0000,198,S,12.4200,12.4100,12.4000,12.3900,12.3800,12.4300,12.4400,12.4500,12.4600,12.4700,187,345,1597,235,803,28,1010,1140,2889,2138
SZ,000001,2019-06-11 09:48:24,12.4200,9,255856.0000,206,S,12.4100,12.4000,12.3900,12.3800,12.3700,12.4200,12.4300,12.4400,12.4500,12.4600,345,1597,235,803,1122,24,276,1193,1155,2899
SZ,000001,2019-06-11 09:48:27,12.4300,14,1078912.0000,868,B,12.4300,12.4200,12.4100,12.4000,12.3900,12.4400,12.4500,12.4600,12.4700,12.4800,176,12,1316,1597,235,614,1195,2912,2108,3699
SZ,000001,2019-06-11 09:48:30,12.4100,41,3701824.0000,2981,S,12.4300,12.4100,12.4000,12.3900,12.3800,12.4400,12.4500,12.4600,12.4700,12.4800,9,151,1392,235,812,594,1245,2912,2108,3699
SZ,000001,2019-06-11 09:48:33,12.4300,9,49696.0000,40,S,12.4100,12.4000,12.3900,12.3800,12.3700,12.4200,12.4300,12.4400,12.4500,12.4600,157,1392,235,812,1114,25,225,2272,1310,2912
SZ,000001,2019-06-11 09:48:36,12.4200,7,176240.0000,142,B,12.4100,12.4000,12.3900,12.3800,12.3700,12.4200,12.4300,12.4400,12.4500,12.4600,986,452,235,812,1114,8,271,2316,1350,2912
SZ,000001,2019-06-11 09:48:39,12.4200,9,352736.0000,284,B,12.4100,12.4000,12.3900,12.3800,12.3700,12.4200,12.4300,12.4400,12.4500,12.4600,1198,452,235,812,1114,209,312,1494,1261,2942
SZ,000001,2019-06-11 09:48:45,12.4100,12,126640.0000,102,S,12.4100,12.4000,12.3900,12.3800,12.3700,12.4200,12.4300,12.4400,12.4500,12.4600,1172,462,235,812,1114,210,547,1510,1327,2942
SZ,000001,2019-06-11 09:48:48,12.4100,7,170064.0000,137,S,12.4100,12.4000,12.3900,12.3800,12.3700,12.4200,12.4300,12.4400,12.4500,12.4600,1101,462,235,812,1114,164,670,1560,1347,2942
SZ,000001,2019-06-11 09:48:51,12.4200,14,300560.0000,242,B,12.4200,12.4100,12.4000,12.3900,12.3800,12.4300,12.4400,12.4500,12.4600,12.4700,31,1111,462,235,816,666,1568,1428,3014,2092
SZ,000001,2019-06-11 09:48:54,12.4200,1,12416.0000,10,S,12.4200,12.4100,12.4000,12.3900,12.3800,12.4300,12.4400,12.4500,12.4600,12.4700,119,1111,472,235,816,704,1588,1433,3014,2092
SZ,000001,2019-06-11 09:48:57,12.4200,1,24848.0000,20,S,12.4200,12.4100,12.4000,12.3900,12.3800,12.4300,12.4400,12.4500,12.4600,12.4700,103,1111,453,235,816,849,1588,1433,3014,2092
SZ,000001,2019-06-11 09:49:00,12.4100,19,573568.0000,462,S,12.4100,12.4000,12.3900,12.3800,12.3700,12.4300,12.4400,12.4500,12.4600,12.4700,843,483,315,816,1116,828,1628,1443,3014,2096
SZ,000001,2019-06-11 09:49:03,12.4100,5,63296.0000,51,S,12.4100,12.4000,12.3900,12.3800,12.3700,12.4200,12.4300,12.4400,12.4500,12.4600,809,483,315,816,1122,33,828,1628,1459,3019
SZ,000001,2019-06-11 09:49:06,12.4100,5,125376.0000,101,S,12.4100,12.4000,12.3900,12.3800,12.3700,12.4200,12.4300,12.4400,12.4500,12.4600,736,486,315,916,1117,273,828,1728,1444,3019
SZ,000001,2019-06-11 09:49:09,12.4200,8,111744.0000,90,B,12.4100,12.4000,12.3900,12.3800,12.3700,12.4200,12.4300,12.4400,12.4500,12.4600,780,486,315,921,1117,429,708,1728,1448,3019
SZ,000001,2019-06-11 09:49:12,12.4200,8,306768.0000,247,B,12.4100,12.4000,12.3900,12.3800,12.3700,12.4200,12.4300,12.4400,12.4500,12.4600,783,486,315,921,1117,184,798,1721,1448,3019
SZ,000001,2019-06-11 09:49:15,12.4200,9,409856.0000,330,B,12.4200,12.4100,12.4000,12.3900,12.3800,12.4300,12.4400,12.4500,12.4600,12.4700,364,783,507,315,921,808,1721,1449,3019,2076
SZ,000001,2019-06-11 09:49:18,12.4200,7,376400.0000,303,S,12.4200,12.4100,12.4000,12.3900,12.3800,12.4300,12.4400,12.4500,12.4600,12.4700,140,783,542,315,922,760,1627,1520,3039,2076
SZ,000001,2019-06-11 09:49:21,12.4300,25,387744.0000,312,B,12.4200,12.4100,12.4000,12.3900,12.3800,12.4300,12.4400,12.4500,12.4600,12.4700,77,783,542,315,922,700,1627,1520,3039,2076
SZ,000001,2019-06-11 09:49:24,12.4300,19,237296.0000,191,B,12.4200,12.4100,12.4000,12.3900,12.3800,12.4300,12.4400,12.4500,12.4600,12.4700,77,784,543,315,942,676,1627,1529,3039,2076
SZ,000001,2019-06-11 09:49:27,12.4300,12,197568.0000,159,B,12.4200,12.4100,12.4000,12.3900,12.3800,12.4300,12.4400,12.4500,12.4600,12.4700,29,783,542,315,942,594,1627,1534,3039,2076
SZ,000001,2019-06-11 09:49:30,12.4300,18,293328.0000,236,B,12.4200,12.4100,12.4000,12.3900,12.3800,12.4300,12.4400,12.4500,12.4600,12.4700,28,783,547,315,942,381,1627,1545,3069,2076
SZ,000001,2019-06-11 09:49:33,12.4300,6,101920.0000,82,B,12.4200,12.4100,12.4000,12.3900,12.3800,12.4300,12.4400,12.4500,12.4600,12.4700,34,783,549,315,942,326,1627,1546,3074,2066
SZ,000001,2019-06-11 09:49:36,12.4200,10,77024.0000,62,S,12.4100,12.4000,12.3900,12.3800,12.3700,12.4200,12.4300,12.4400,12.4500,12.4600,783,549,315,942,1117,456,369,1627,1546,3074
SZ,000001,2019-06-11 09:49:39,12.4200,4,42224.0000,34,B,12.4100,12.4000,12.3900,12.3800,12.3700,12.4200,12.4300,12.4400,12.4500,12.4600,881,564,320,942,1117,440,451,1627,1556,3152
SZ,000001,2019-06-11 09:49:42,12.4100,1,62048.0000,50,S,12.4100,12.4000,12.3900,12.3800,12.3700,12.4200,12.4300,12.4400,12.4500,12.4600,833,558,320,943,1117,605,383,1627,1556,3102
SZ,000001,2019-06-11 09:49:45,12.4200,6,285664.0000,230,B,12.4100,12.4000,12.3900,12.3800,12.3700,12.4200,12.4300,12.4400,12.4500,12.4600,833,558,320,973,1117,453,414,1627,1596,3050
SZ,000001,2019-06-11 09:49:48,12.4100,15,437152.0000,352,S,12.4100,12.4000,12.3900,12.3800,12.3700,12.4200,12.4300,12.4400,12.4500,12.4600,815,578,320,1281,1111,122,424,1465,1606,3050
SZ,000001,2019-06-11 09:49:51,12.4100,7,183744.0000,148,S,12.4100,12.4000,12.3900,12.3800,12.3700,12.4200,12.4300,12.4400,12.4500,12.4600,753,578,317,2570,1111,71,451,1416,1606,3050
SZ,000001,2019-06-11 09:49:54,12.4200,10,206128.0000,166,B,12.4100,12.4000,12.3900,12.3800,12.3700,12.4200,12.4300,12.4400,12.4500,12.4600,771,576,317,2570,1111,77,424,1383,1646,3050
SZ,000001,2019-06-11 09:49:57,12.4200,8,111776.0000,90,B,12.4200,12.4100,12.4000,12.3900,12.3800,12.4300,12.4400,12.4500,12.4600,12.4700,20,759,576,317,2570,424,1372,1661,3050,2068
SZ,000001,2019-06-11 09:50:00,12.4200,10,60864.0000,49,S,12.4100,12.4000,12.3900,12.3800,12.3700,12.4200,12.4300,12.4400,12.4500,12.4600,714,576,323,2550,1161,29,421,1377,1671,3137
SZ,000001,2019-06-11 09:50:03,12.4100,32,717104.0000,577,S,12.4100,12.4000,12.3900,12.3800,12.3700,12.4400,12.4500,12.4600,12.4700,12.4800,739,576,323,2550,1171,1377,1673,3136,2068,3979
SZ,000001,2019-06-11 09:50:06,12.4100,8,269728.0000,217,S,12.4100,12.4000,12.3900,12.3800,12.3700,12.4200,12.4400,12.4500,12.4600,12.4700,677,576,425,2550,1171,27,1469,1686,3136,2068
SZ,000001,2019-06-11 09:50:09,12.4200,9,110544.0000,89,B,12.4200,12.4100,12.4000,12.3900,12.3800,12.4300,12.4400,12.4500,12.4600,12.4700,79,786,576,445,2550,200,1535,1686,3136,2068
SZ,000001,2019-06-11 09:50:12,12.4300,4,64608.0000,52,B,12.4200,12.4100,12.4000,12.3900,12.3800,12.4300,12.4400,12.4500,12.4600,12.4700,82,743,576,434,2550,389,1312,1687,3136,2068
SZ,000001,2019-06-11 09:50:15,12.4200,23,183824.0000,148,S,12.4100,12.4000,12.3900,12.3800,12.3700,12.4200,12.4300,12.4400,12.4500,12.4600,747,576,434,2550,1171,206,425,1332,1698,3132
SZ,000001,2019-06-11 09:50:18,12.4300,16,1038784.0000,836,B,12.4300,12.4100,12.4000,12.3900,12.3800,12.4400,12.4500,12.4600,12.4700,12.4800,249,753,586,434,2550,1345,1718,3132,2068,4039
SZ,000001,2019-06-11 09:50:21,12.4100,20,668768.0000,538,S,12.4200,12.4100,12.4000,12.3900,12.3800,12.4300,12.4400,12.4500,12.4600,12.4700,56,675,586,434,2565,12,1087,1732,3132,2068
SZ,000001,2019-06-11 09:50:24,12.4300,10,114432.0000,92,B,12.4200,12.4100,12.4000,12.3900,12.3800,12.4300,12.4400,12.4500,12.4600,12.4700,349,675,584,434,2565,123,1004,1732,3132,2068
SZ,000001,2019-06-11 09:50:27,12.4300,12,211280.0000,170,B,12.4300,12.4200,12.4100,12.4000,12.3900,12.4400,12.4500,12.4600,12.4700,12.4800,67,332,696,584,434,1004,1732,3132,2068,4244
SZ,000001,2019-06-11 09:50:30,12.4300,12,178032.0000,144,S,12.4200,12.4100,12.4000,12.3900,12.3800,12.4300,12.4400,12.4500,12.4600,12.4700,319,695,584,534,2565,124,1086,1742,3139,2068
SZ,000001,2019-06-11 09:50:33,12.4300,6,80784.0000,65,B,12.4200,12.4100,12.4000,12.3900,12.3800,12.4300,12.4400,12.4500,12.4600,12.4700,507,690,594,534,2565,169,1083,1742,3139,2068
SZ,000001,2019-06-11 09:50:36,12.4300,7,185136.0000,149,B,12.4200,12.4100,12.4000,12.3900,12.3800,12.4300,12.4400,12.4500,12.4600,12.4700,444,682,594,534,2569,221,1231,1747,3139,2068
SZ,000001,2019-06-11 09:50:39,12.4300,10,150400.0000,121,B,12.4200,12.4100,12.4000,12.3900,12.3800,12.4300,12.4400,12.4500,12.4600,12.4700,634,682,594,534,2569,390,1254,1757,3139,2068
SZ,000001,2019-06-11 09:50:42,12.4300,22,668240.0000,538,B,12.4200,12.4100,12.4000,12.3900,12.3800,12.4300,12.4400,12.4500,12.4600,12.4700,145,681,594,534,2571,354,1305,1757,3109,2068
SZ,000001,2019-06-11 09:50:45,12.4200,13,522896.0000,420,S,12.4100,12.4000,12.3900,12.3800,12.3700,12.4200,12.4300,12.4400,12.4500,12.4600,681,674,534,2571,1181,2,160,1305,1757,3089
SZ,000001,2019-06-11 09:50:48,12.4200,12,289376.0000,233,B,12.4200,12.4100,12.4000,12.3900,12.3800,12.4300,12.4400,12.4500,12.4600,12.4700,100,610,674,534,2571,491,1305,1762,3089,2068
SZ,000001,2019-06-11 09:50:51,12.4300,5,75824.0000,61,B,12.4200,12.4100,12.4000,12.3900,12.3800,12.4300,12.4400,12.4500,12.4600,12.4700,297,606,678,534,2671,444,1305,1762,3089,2068
SZ,000001,2019-06-11 09:50:54,12.4300,20,670144.0000,540,B,12.4300,12.4200,12.4100,12.4000,12.3900,12.4400,12.4500,12.4600,12.4700,12.4800,116,738,488,678,534,1305,1767,3093,2068,4292
SZ,000001,2019-06-11 09:50:57,12.4300,9,241296.0000,194,S,12.4300,12.4200,12.4100,12.4000,12.3900,12.4400,12.4500,12.4600,12.4700,12.4800,72,759,488,678,535,1172,1767,3093,2078,4292
SZ,000001,2019-06-11 09:51:00,12.4300,16,428800.0000,344,S,12.4200,12.4100,12.4000,12.3900,12.3800,12.4300,12.4400,12.4500,12.4600,12.4700,759,488,678,535,2672,14,1150,1747,3094,2078
SZ,000001,2019-06-11 09:51:03,12.4300,9,426160.0000,343,B,12.4200,12.4100,12.4000,12.3900,12.3800,12.4300,12.4400,12.4500,12.4600,12.4700,511,488,678,535,2672,13,1081,1757,3094,2078
SZ,000001,2019-06-11 09:51:06,12.4300,10,324416.0000,261,B,12.4200,12.4100,12.4000,12.3900,12.3800,12.4300,12.4400,12.4500,12.4600,12.4700,421,488,678,535,2672,84,954,1748,3104,2078
SZ,000001,2019-06-11 09:51:09,12.4200,48,1366992.0000,1099,S,12.4200,12.4100,12.4000,12.3900,12.3800,12.4300,12.4400,12.4500,12.4600,12.4700,475,488,678,535,2672,1,2,1752,3104,578
SZ,000001,2019-06-11 09:51:12,12.4200,15,947184.0000,762,S,12.4100,12.4000,12.3900,12.3800,12.3700,12.4200,12.4300,12.4400,12.4500,12.4600,535,678,535,2672,1131,4553,4,34,1494,3104
SZ,000001,2019-06-11 09:51:15,12.4200,9,254624.0000,205,B,12.4100,12.4000,12.3900,12.3800,12.3700,12.4200,12.4300,12.4400,12.4500,12.4600,533,678,535,2672,1131,4348,49,619,1494,3100
SZ,000001,2019-06-11 09:51:18,12.4100,5,201056.0000,162,S,12.4100,12.4000,12.3900,12.3800,12.3700,12.4200,12.4300,12.4400,12.4500,12.4600,391,678,535,2672,1131,4763,64,639,1524,3100
SZ,000001,2019-06-11 09:51:21,12.4200,15,438192.0000,353,B,12.4100,12.4000,12.3900,12.3800,12.3700,12.4200,12.4300,12.4400,12.4500,12.4600,166,678,535,2672,1131,4686,74,191,1524,3100
SZ,000001,2019-06-11 09:51:24,12.4100,20,367376.0000,296,S,12.4000,12.3900,12.3800,12.3700,12.3600,12.4100,12.4200,12.4300,12.4400,12.4500,639,535,2672,1131,938,15,4759,74,207,1524
SZ,000001,2019-06-11 09:51:27,12.4000,13,228304.0000,184,S,12.4000,12.3900,12.3800,12.3700,12.3600,12.4100,12.4200,12.4300,12.4400,12.4500,544,604,2677,1131,938,33,4695,84,300,1529
SZ,000001,2019-06-11 09:51:30,12.4000,6,151344.0000,122,S,12.4000,12.3900,12.3800,12.3700,12.3600,12.4100,12.4200,12.4300,12.4400,12.4500,484,604,2677,1131,938,113,4426,84,300,1543
SZ,000001,2019-06-11 09:51:33,12.4100,13,1226112.0000,988,B,12.4100,12.4000,12.3900,12.3800,12.3700,12.4200,12.4300,12.4400,12.4500,12.4600,740,481,614,2677,1131,4414,90,304,1552,3120
SZ,000001,2019-06-11 09:51:36,12.4100,17,1309504.0000,1055,S,12.4000,12.3900,12.3800,12.3700,12.3600,12.4100,12.4200,12.4300,12.4400,12.4500,481,636,2677,1131,938,275,4463,98,304,1542
SZ,000001,2019-06-11 09:51:39,12.4100,9,383472.0000,309,B,12.4100,12.4000,12.3900,12.3800,12.3700,12.4200,12.4300,12.4400,12.4500,12.4600,475,503,686,2677,1131,4446,108,305,1542,3120
SZ,000001,2019-06-11 09:51:42,12.4100,9,134064.0000,108,S,12.4100,12.4000,12.3900,12.3800,12.3700,12.4200,12.4300,12.4400,12.4500,12.4600,402,525,908,2677,1132,4262,108,305,1582,3120
SZ,000001,2019-06-11 09:51:45,12.4200,3,67056.0000,54,B,12.4100,12.4000,12.3900,12.3800,12.3700,12.4200,12.4300,12.4400,12.4500,12.4600,409,529,908,2677,1132,4209,98,315,1583,3122
SZ,000001,2019-06-11 09:51:48,12.4200,8,63328.0000,51,B,12.4100,12.4000,12.3900,12.3800,12.3700,12.4200,12.4300,12.4400,12.4500,12.4600,403,529,908,2677,1132,4020,98,315,1583,3122
SZ,000001,2019-06-11 09:51:51,12.4100,7,227120.0000,183,S,12.4100,12.4000,12.3900,12.3800,12.3700,12.4200,12.4300,12.4400,12.4500,12.4600,268,550,929,2677,1132,4010,133,325,1613,3122
SZ,000001,2019-06-11 09:51:54,12.4000,20,474048.0000,382,S,12.4000,12.3900,12.3800,12.3700,12.3600,12.4200,12.4300,12.4400,12.4500,12.4600,494,990,2677,1132,1038,3968,133,325,1612,3132
SZ,000001,2019-06-11 09:51:57,12.4200,7,173808.0000,140,B,12.4000,12.3900,12.3800,12.3700,12.3600,12.4100,12.4200,12.4300,12.4400,12.4500,524,990,2677,1132,1038,309,3916,208,325,1614
SZ,000001,2019-06-11 09:52:00,12.4100,11,342528.0000,276,B,12.4000,12.3900,12.3800,12.3700,12.3600,12.4100,12.4200,12.4300,12.4400,12.4500,643,990,2677,1132,1038,295,3648,198,325,1628
SZ,000001,2019-06-11 09:52:03,12.4100,7,88112.0000,71,B,12.4000,12.3900,12.3800,12.3700,12.3600,12.4100,12.4200,12.4300,12.4400,12.4500,878,990,2754,1132,1038,240,3642,198,325,1621
SZ,000001,2019-06-11 09:52:06,12.4100,6,45888.0000,37,B,12.4000,12.3900,12.3800,12.3700,12.3600,12.4100,12.4200,12.4300,12.4400,12.4500,852,990,2754,1132,1038,249,3652,199,325,1626
SZ,000001,2019-06-11 09:52:09,12.4000,11,230768.0000,186,S,12.4000,12.3900,12.3800,12.3700,12.3600,12.4100,12.4200,12.4300,12.4400,12.4500,831,991,2754,1132,1038,189,3652,199,325,1626
SZ,000001,2019-06-11 09:52:12,12.4100,4,101760.0000,82,B,12.4000,12.3900,12.3800,12.3700,12.3600,12.4100,12.4200,12.4300,12.4400,12.4500,831,991,2754,1132,994,142,3664,199,329,1750
SZ,000001,2019-06-11 09:52:15,12.4100,16,224624.0000,181,B,12.4100,12.4000,12.3900,12.3800,12.3700,12.4200,12.4300,12.4400,12.4500,12.4600,119,1393,996,2754,1132,3663,199,429,1756,3188
SZ,000001,2019-06-11 09:52:18,12.4100,8,323936.0000,261,S,12.4100,12.4000,12.3900,12.3800,12.3700,12.4200,12.4300,12.4400,12.4500,12.4600,1681,1300,1002,2754,1132,3963,199,429,1750,3188
SZ,000001,2019-06-11 09:52:21,12.4200,10,223456.0000,180,B,12.4100,12.4000,12.3900,12.3800,12.3700,12.4200,12.4300,12.4400,12.4500,12.4600,1648,1320,1008,2754,1132,3885,229,499,1750,3188
SZ,000001,2019-06-11 09:52:24,12.4200,4,214864.0000,173,B,12.4100,12.4000,12.3900,12.3800,12.3700,12.4200,12.4300,12.4400,12.4500,12.4600,1676,1320,1089,2759,1132,3706,229,368,1750,3198
SZ,000001,2019-06-11 09:52:27,12.4200,38,4723328.0000,3803,B,12.4100,12.4000,12.3900,12.3800,12.3700,12.4200,12.4300,12.4400,12.4500,12.4600,1741,1324,1089,2759,1132,58,219,368,1751,3203
SZ,000001,2019-06-11 09:52:30,12.4400,36,952576.0000,766,B,12.4400,12.4200,12.4100,12.4000,12.3900,12.4500,12.4600,12.4700,12.4800,12.4900,127,1045,1965,1327,1089,1737,3203,575,4353,2128
SZ,000001,2019-06-11 09:52:33,12.4400,19,475568.0000,382,S,12.4400,12.4200,12.4100,12.4000,12.3900,12.4500,12.4600,12.4700,12.4800,12.4900,113,460,1979,1349,1068,1383,3203,575,4353,2128
SZ,000001,2019-06-11 09:52:36,12.4400,17,386736.0000,311,S,12.4200,12.4100,12.4000,12.3900,12.3800,12.4400,12.4500,12.4600,12.4700,12.4800,158,1872,1349,1071,2759,24,1392,3203,575,4343
SZ,000001,2019-06-11 09:52:39,12.4400,20,338592.0000,272,B,12.4400,12.4300,12.4200,12.4100,12.4000,12.4500,12.4600,12.4700,12.4800,12.4900,190,4,211,1872,1269,1166,3207,575,4343,2138
SZ,000001,2019-06-11 09:52:42,12.4400,11,75952.0000,61,S,12.4400,12.4300,12.4200,12.4100,12.4000,12.4500,12.4600,12.4700,12.4800,12.4900,315,760,216,1863,1269,1120,3203,575,4343,2138
SZ,000001,2019-06-11 09:52:45,12.4400,6,47296.0000,38,S,12.4400,12.4300,12.4200,12.4100,12.4000,12.4500,12.4600,12.4700,12.4800,12.4900,314,760,215,1863,1274,1115,3211,575,4343,2138
SZ,000001,2019-06-11 09:52:48,12.4500,79,1208880.0000,971,B,12.4400,12.4300,12.4200,12.4100,12.4000,12.4500,12.4600,12.4700,12.4800,12.4900,304,778,215,1863,1274,232,3201,578,4343,2138
SZ,000001,2019-06-11 09:52:51,12.4400,29,403360.0000,324,S,12.4400,12.4300,12.4200,12.4100,12.4000,12.4500,12.4600,12.4700,12.4800,12.4900,324,778,215,1863,1324,15,3078,579,4348,2138
SZ,000001,2019-06-11 09:52:54,12.4500,10,352400.0000,283,B,12.4400,12.4300,12.4200,12.4100,12.4000,12.4500,12.4600,12.4700,12.4800,12.4900,494,778,215,1853,1330,120,3001,579,4348,2138
SZ,000001,2019-06-11 09:52:57,12.4500,4,211648.0000,170,B,12.4500,12.4400,12.4300,12.4200,12.4100,12.4600,12.4700,12.4800,12.4900,12.5000,188,495,778,215,1853,3001,587,4352,2138,6071
SZ,000001,2019-06-11 09:53:00,12.4500,10,140752.0000,113,S,12.4500,12.4400,12.4300,12.4200,12.4100,12.4600,12.4700,12.4800,12.4900,12.5000,1244,624,778,222,1853,2949,597,4262,2138,6121
SZ,000001,2019-06-11 09:53:03,12.4600,7,83440.0000,67,B,12.4500,12.4400,12.4300,12.4200,12.4100,12.4600,12.4700,12.4800,12.4900,12.5000,1351,624,778,222,1853,2925,597,4262,2105,6108
SZ,000001,2019-06-11 09:53:06,12.4500,4,28656.0000,23,S,12.4500,12.4400,12.4300,12.4200,12.4100,12.4600,12.4700,12.4800,12.4900,12.5000,1351,498,768,222,1853,2917,597,4283,2105,6108
SZ,000001,2019-06-11 09:53:09,12.4600,79,3652656.0000,2932,B,12.4600,12.4500,12.4400,12.4300,12.4200,12.4700,12.4800,12.4900,12.5000,12.5100,1196,1490,498,768,239,597,4272,2149,6108,377
SZ,000001,2019-06-11 09:53:12,12.4700,47,1231856.0000,988,B,12.4700,12.4600,12.4500,12.4400,12.4300,12.4800,12.4900,12.5000,12.5100,12.5200,464,1042,1460,498,768,4233,2153,6133,377,3886
SZ,000001,2019-06-11 09:53:15,12.4700,6,478912.0000,384,S,12.4700,12.4600,12.4500,12.4400,12.4300,12.4800,12.4900,12.5000,12.5100,12.5200,218,1083,1448,498,18,4174,2153,6133,377,3886
SZ,000001,2019-06-11 09:53:18,12.4800,26,706288.0000,566,B,12.4700,12.4600,12.4500,12.4400,12.4300,12.4800,12.4900,12.5000,12.5100,12.5200,180,1303,1436,498,18,3797,2153,6133,377,3886
SZ,000001,2019-06-11 09:53:21,12.4800,33,512720.0000,411,B,12.4700,12.4600,12.4500,12.4400,12.4300,12.4800,12.4900,12.5000,12.5100,12.5200,88,1305,1142,478,18,3612,2171,6128,373,3886
SZ,000001,2019-06-11 09:53:24,12.4800,17,411808.0000,330,B,12.4700,12.4600,12.4500,12.4400,12.4300,12.4800,12.4900,12.5000,12.5100,12.5200,200,1340,1041,478,18,3369,2221,6132,373,3886
SZ,000001,2019-06-11 09:53:27,12.4800,40,700128.0000,561,B,12.4700,12.4600,12.4500,12.4400,12.4300,12.4800,12.4900,12.5000,12.5100,12.5200,201,1340,1041,478,18,2808,2231,6122,384,3860
SZ,000001,2019-06-11 09:53:30,12.4800,15,199664.0000,160,B,12.4700,12.4600,12.4500,12.4400,12.4300,12.4800,12.4900,12.5000,12.5100,12.5200,327,1340,1041,478,18,2782,2212,6132,387,3862
SZ,000001,2019-06-11 09:53:33,12.4800,17,300736.0000,241,B,12.4700,12.4600,12.4500,12.4400,12.4300,12.4800,12.4900,12.5000,12.5100,12.5200,359,1340,1045,424,18,2645,2240,6275,387,3862
SZ,000001,2019-06-11 09:53:36,12.4700,22,1549984.0000,1242,S,12.4700,12.4600,12.4500,12.4400,12.4300,12.4800,12.4900,12.5000,12.5100,12.5200,424,1343,1045,424,18,1538,2446,6275,587,3862
SZ,000001,2019-06-11 09:53:39,12.4800,74,2036736.0000,1632,B,12.4800,12.4700,12.4600,12.4500,12.4400,12.4900,12.5000,12.5100,12.5200,12.5300,1728,594,1343,1045,424,2443,6277,727,3876,940
SZ,000001,2019-06-11 09:53:42,12.4900,165,3678608.0000,2945,B,12.4900,12.4800,12.4700,12.4600,12.4500,12.5000,12.5100,12.5200,12.5300,12.5400,165,3257,594,1402,1045,5891,737,3876,940,2931
SZ,000001,2019-06-11 09:53:45,12.5000,173,2255936.0000,1805,B,12.4900,12.4800,12.4700,12.4600,12.4500,12.5000,12.5100,12.5200,12.5300,12.5400,38,3349,584,1392,1046,4376,737,3876,1111,2931
SZ,000001,2019-06-11 09:53:48,12.5100,249,5791232.0000,4633,B,12.5000,12.4900,12.4800,12.4700,12.4600,12.5100,12.5200,12.5300,12.5400,12.5500,2240,7,3386,584,1380,707,3876,1111,2931,3344
SZ,000001,2019-06-11 09:53:51,12.5000,36,749296.0000,599,S,12.5000,12.4900,12.4800,12.4700,12.4600,12.5100,12.5200,12.5300,12.5400,12.5500,2362,20,3245,479,1331,73,3876,1111,2931,3305
SZ,000001,2019-06-11 09:53:54,12.5100,24,371392.0000,297,B,12.5000,12.4900,12.4800,12.4700,12.4600,12.5100,12.5200,12.5300,12.5400,12.5500,2445,22,3245,480,1331,1,3976,1111,2931,3212
SZ,000001,2019-06-11 09:53:57,12.5200,16,506704.0000,405,B,12.5100,12.5000,12.4900,12.4800,12.4700,12.5200,12.5300,12.5400,12.5500,12.5600,305,2551,22,3255,468,3911,1111,2931,3212,3371
SZ,000001,2019-06-11 09:54:00,12.5100,21,1841600.0000,1471,S,12.5100,12.5000,12.4900,12.4800,12.4700,12.5200,12.5300,12.5400,12.5500,12.5600,337,2582,20,3235,468,2620,1111,2941,3187,3371
SZ,000001,2019-06-11 09:54:03,12.5200,15,406848.0000,325,B,12.5100,12.5000,12.4900,12.4800,12.4700,12.5200,12.5300,12.5400,12.5500,12.5600,314,2349,80,3235,188,2400,1111,2928,3188,3371
SZ,000001,2019-06-11 09:54:06,12.5200,29,407952.0000,326,B,12.5100,12.5000,12.4900,12.4800,12.4700,12.5200,12.5300,12.5400,12.5500,12.5600,122,2269,90,3235,188,2285,1111,3138,3185,3371
SZ,000001,2019-06-11 09:54:09,12.5100,25,555472.0000,444,S,12.5000,12.4900,12.4800,12.4700,12.4600,12.5100,12.5200,12.5300,12.5400,12.5500,2511,90,3227,188,1342,162,2317,1141,3138,3178
SZ,000001,2019-06-11 09:54:12,12.5100,6,56272.0000,45,B,12.5000,12.4900,12.4800,12.4700,12.4600,12.5100,12.5200,12.5300,12.5400,12.5500,2510,90,3223,188,1342,718,2334,1256,3138,3288
SZ,000001,2019-06-11 09:54:15,12.5100,33,1334800.0000,1067,B,12.5000,12.4900,12.4800,12.4700,12.4600,12.5100,12.5200,12.5300,12.5400,12.5500,2520,26,3223,188,1312,90,2256,1327,3178,3301
SZ,000001,2019-06-11 09:54:18,12.5100,33,899504.0000,719,B,12.5100,12.5000,12.4900,12.4800,12.4700,12.5200,12.5300,12.5400,12.5500,12.5600,286,2378,26,3223,134,2060,1637,3178,3309,3411
SZ,000001,2019-06-11 09:54:21,12.5100,21,565472.0000,452,S,12.5100,12.5000,12.4900,12.4800,12.4700,12.5200,12.5300,12.5400,12.5500,12.5600,1791,2426,129,3128,134,2111,1657,3178,3347,3408
SZ,000001,2019-06-11 09:54:24,12.5100,8,176480.0000,141,S,12.5100,12.5000,12.4900,12.4800,12.4700,12.5200,12.5300,12.5400,12.5500,12.5600,2071,2426,129,3228,7,2094,1671,3188,3449,3408
SZ,000001,2019-06-11 09:54:27,12.5100,45,1718720.0000,1373,S,12.5100,12.5000,12.4900,12.4800,12.4700,12.5200,12.5300,12.5400,12.5500,12.5600,1841,2435,129,3218,7,1010,1675,3189,3449,3426
SZ,000001,2019-06-11 09:54:30,12.5200,76,1543584.0000,1233,B,12.5200,12.5100,12.5000,12.4900,12.4800,12.5300,12.5400,12.5500,12.5600,12.5700,134,2097,2431,179,3218,1695,3193,3458,3436,1342
SZ,000001,2019-06-11 09:54:33,12.5200,23,385728.0000,308,S,12.5200,12.5100,12.5000,12.4900,12.4800,12.5300,12.5400,12.5500,12.5600,12.5700,774,2143,2434,179,3218,1601,3193,3420,3439,1342
SZ,000001,2019-06-11 09:54:36,12.5200,18,952768.0000,761,S,12.5200,12.5100,12.5000,12.4900,12.4800,12.5300,12.5400,12.5500,12.5600,12.5700,30,2143,2436,179,3218,2068,3193,3441,3439,1342
SZ,000001,2019-06-11 09:54:39,12.5200,25,1129280.0000,902,S,12.5200,12.5100,12.5000,12.4900,12.4800,12.5300,12.5400,12.5500,12.5600,12.5700,788,2101,2436,195,3222,2371,3208,3453,3439,1342
SZ,000001,2019-06-11 09:54:42,12.5300,43,1559456.0000,1245,B,12.5200,12.5100,12.5000,12.4900,12.4800,12.5300,12.5400,12.5500,12.5600,12.5700,241,1651,2458,195,2603,1933,3217,3473,3449,1342
SZ,000001,2019-06-11 09:54:45,12.5100,25,916608.0000,732,S,12.5100,12.5000,12.4900,12.4800,12.4700,12.5200,12.5300,12.5400,12.5500,12.5600,1353,2454,195,1953,185,10,1764,3267,3491,3460
SZ,000001,2019-06-11 09:54:48,12.5300,21,259200.0000,207,B,12.5200,12.5100,12.5000,12.4900,12.4800,12.5300,12.5400,12.5500,12.5600,12.5700,1242,1284,2474,196,1953,1768,3267,3491,3460,1352
SZ,000001,2019-06-11 09:54:51,12.5200,41,1302336.0000,1040,S,12.5200,12.5100,12.5000,12.4900,12.4800,12.5300,12.5400,12.5500,12.5600,12.5700,1302,1284,2474,196,1953,1479,3267,3482,3470,1440
SZ,000001,2019-06-11 09:54:54,12.5200,16,637568.0000,509,S,12.5200,12.5100,12.5000,12.4900,12.4800,12.5300,12.5400,12.5500,12.5600,12.5700,1094,1284,2518,186,1953,1531,3268,3501,3470,1460
SZ,000001,2019-06-11 09:54:57,12.5300,16,369408.0000,295,B,12.5200,12.5100,12.5000,12.4900,12.4800,12.5300,12.5400,12.5500,12.5600,12.5700,894,1284,2518,186,1953,1599,3308,3483,3470,1467
SZ,000001,2019-06-11 09:55:00,12.5300,55,2986464.0000,2385,B,12.5100,12.5000,12.4900,12.4800,12.4700,12.5300,12.5400,12.5500,12.5600,12.5700,1284,2515,186,1953,197,1450,3308,3538,3500,1469
SZ,000001,2019-06-11 09:55:03,12.5200,17,315520.0000,252,S,12.5100,12.5000,12.4900,12.4800,12.4700,12.5200,12.5300,12.5400,12.5500,12.5600,1337,2515,183,1953,197,171,1800,3338,4077,3555
SZ,000001,2019-06-11 09:55:06,12.5200,10,97664.0000,78,B,12.5100,12.5000,12.4900,12.4800,12.4700,12.5200,12.5300,12.5400,12.5500,12.5600,1338,2469,183,1953,197,732,1923,3328,4100,3555
SZ,000001,2019-06-11 09:55:09,12.5300,86,3427104.0000,2736,B,12.5300,12.5100,12.5000,12.4900,12.4800,12.5400,12.5500,12.5600,12.5700,12.5800,1195,1338,2472,203,1953,3328,4087,3565,1503,5944
SZ,000001,2019-06-11 09:55:12,12.5300,26,407296.0000,325,S,12.5300,12.5200,12.5100,12.5000,12.4900,12.5400,12.5500,12.5600,12.5700,12.5800,2828,3,1351,2472,203,3341,4121,3605,1429,5944
SZ,000001,2019-06-11 09:55:15,12.5400,9,838272.0000,669,B,12.5300,12.5200,12.5100,12.5000,12.4900,12.5400,12.5500,12.5600,12.5700,12.5800,2192,100,1357,2477,203,3360,4181,3605,1429,6129
SZ,000001,2019-06-11 09:55:18,12.5300,38,3182496.0000,2540,S,12.5200,12.5100,12.5000,12.4900,12.4800,12.5300,12.5400,12.5500,12.5600,12.5700,93,1514,2477,203,1863,275,3753,4163,3605,1435
SZ,000001,2019-06-11 09:55:21,12.5200,38,2076544.0000,1657,S,12.5100,12.5000,12.4900,12.4800,12.4700,12.5200,12.5300,12.5400,12.5500,12.5600,1514,2523,203,1863,207,490,318,3457,4135,3605
SZ,000001,2019-06-11 09:55:24,12.5200,11,201600.0000,161,B,12.5100,12.5000,12.4900,12.4800,12.4700,12.5200,12.5300,12.5400,12.5500,12.5600,1527,2526,203,1863,208,360,1091,3508,4160,3605
SZ,000001,2019-06-11 09:55:27,12.5300,14,503296.0000,402,B,12.5100,12.5000,12.4900,12.4800,12.4700,12.5300,12.5400,12.5500,12.5600,12.5700,1518,2526,203,1863,208,1165,3524,4159,3606,1455
SZ,000001,2019-06-11 09:55:30,12.5300,24,1915360.0000,1530,B,12.5100,12.5000,12.4900,12.4800,12.4700,12.5300,12.5400,12.5500,12.5600,12.5700,718,2523,203,1863,208,1082,3527,4214,3608,1475
SZ,000001,2019-06-11 09:55:33,12.5200,9,176448.0000,141,S,12.5100,12.5000,12.4900,12.4800,12.4700,12.5200,12.5300,12.5400,12.5500,12.5600,616,2523,203,1863,208,136,2038,3537,4225,3606
SZ,000001,2019-06-11 09:55:36,12.5200,17,297856.0000,238,B,12.5100,12.5000,12.4900,12.4800,12.4700,12.5200,12.5300,12.5400,12.5500,12.5600,572,2741,215,1863,208,21,2463,3537,4225,3610
SZ,000001,2019-06-11 09:55:39,12.5100,12,435616.0000,348,S,12.5100,12.5000,12.4900,12.4800,12.4700,12.5200,12.5300,12.5400,12.5500,12.5600,500,2739,215,1863,208,130,2542,3576,4221,3610
SZ,000001,2019-06-11 09:55:42,12.5200,11,194080.0000,155,B,12.5100,12.5000,12.4900,12.4800,12.4700,12.5200,12.5300,12.5400,12.5500,12.5600,503,2740,215,1863,208,276,2567,3576,4270,3620
SZ,000001,2019-06-11 09:55:45,12.5200,12,66336.0000,53,B,12.5100,12.5000,12.4900,12.4800,12.4700,12.5200,12.5300,12.5400,12.5500,12.5600,516,2750,215,1866,314,439,2474,3581,4250,3620
SZ,000001,2019-06-11 09:55:48,12.5200,33,736864.0000,589,B,12.5000,12.4900,12.4800,12.4700,12.4600,12.5200,12.5300,12.5400,12.5500,12.5600,2749,215,1866,314,345,533,2624,3569,4250,3620
SZ,000001,2019-06-11 09:55:51,12.5000,2,40032.0000,32,S,12.5000,12.4900,12.4800,12.4700,12.4600,12.5100,12.5200,12.5300,12.5400,12.5500,2754,215,1876,214,345,91,883,2652,3529,4327
SZ,000001,2019-06-11 09:55:54,12.5100,11,306336.0000,245,B,12.5000,12.4900,12.4800,12.4700,12.4600,12.5100,12.5200,12.5300,12.5400,12.5500,2597,215,1876,214,345,174,1204,2928,3545,4358
SZ,000001,2019-06-11 09:55:57,12.5100,15,730592.0000,584,B,12.5100,12.5000,12.4900,12.4800,12.4700,12.5200,12.5300,12.5400,12.5500,12.5600,127,2630,215,1876,214,1119,2887,3546,4393,3614
SZ,000001,2019-06-11 09:56:00,12.5100,18,471552.0000,377,S,12.5100,12.5000,12.4900,12.4800,12.4700,12.5200,12.5300,12.5400,12.5500,12.5600,460,2503,236,1870,214,1188,2923,3546,4393,3614
SZ,000001,2019-06-11 09:56:03,12.5100,15,731712.0000,585,S,12.5100,12.5000,12.4900,12.4800,12.4700,12.5200,12.5300,12.5400,12.5500,12.5600,762,2503,236,1870,214,1366,2908,3556,4396,3628
SZ,000001,2019-06-11 09:56:06,12.5100,27,1337952.0000,1069,S,12.5000,12.4900,12.4800,12.4700,12.4600,12.5100,12.5200,12.5300,12.5400,12.5500,2505,236,1870,214,345,262,1132,2900,4176,4409
SZ,000001,2019-06-11 09:56:09,12.5100,30,1388288.0000,1110,B,12.5000,12.4900,12.4800,12.4700,12.4600,12.5100,12.5200,12.5300,12.5400,12.5500,2270,236,1880,214,345,332,1041,3155,4116,4409
SZ,000001,2019-06-11 09:56:12,12.5000,3,28768.0000,23,S,12.5000,12.4900,12.4800,12.4700,12.4600,12.5100,12.5200,12.5300,12.5400,12.5500,2271,236,1880,214,337,554,1500,3127,3794,4399
SZ,000001,2019-06-11 09:56:15,12.5000,9,183840.0000,147,S,12.5000,12.4900,12.4800,12.4700,12.4600,12.5100,12.5200,12.5300,12.5400,12.5500,2207,236,1880,214,337,1297,1600,3129,3744,4400
SZ,000001,2019-06-11 09:56:18,12.5100,31,1066976.0000,853,B,12.5000,12.4900,12.4800,12.4700,12.4600,12.5100,12.5200,12.5300,12.5400,12.5500,2074,238,1880,214,337,752,1693,3163,3744,4417
SZ,000001,2019-06-11 09:56:21,12.5200,23,1013568.0000,810,B,12.5100,12.5000,12.4900,12.4800,12.4700,12.5200,12.5300,12.5400,12.5500,12.5600,8,2065,238,1881,214,1484,3104,3744,4419,3750
SZ,000001,2019-06-11 09:56:24,12.5000,10,1092256.0000,874,S,12.5000,12.4900,12.4800,12.4700,12.4600,12.5100,12.5200,12.5300,12.5400,12.5500,1238,242,1881,214,327,157,1519,3104,3846,4419
SZ,000001,2019-06-11 09:56:27,12.5200,38,1185024.0000,947,B,12.5000,12.4900,12.4800,12.4700,12.4600,12.5100,12.5200,12.5300,12.5400,12.5500,1141,242,1881,214,327,52,1120,3104,3846,4429
SZ,000001,2019-06-11 09:56:30,12.5100,48,1499936.0000,1199,B,12.5000,12.4900,12.4800,12.4700,12.4600,12.5100,12.5200,12.5300,12.5400,12.5500,1242,242,1881,214,327,83,913,3104,3872,4428
SZ,000001,2019-06-11 09:56:33,12.5100,11,167648.0000,134,B,12.5000,12.4900,12.4800,12.4700,12.4600,12.5100,12.5200,12.5300,12.5400,12.5500,1242,243,1881,214,327,49,1350,3068,3865,4428
SZ,000001,2019-06-11 09:56:36,12.5100,24,1462752.0000,1169,B,12.5000,12.4900,12.4800,12.4700,12.4600,12.5100,12.5200,12.5300,12.5400,12.5500,1250,238,1881,225,337,40,1117,3048,3870,4428
SZ,000001,2019-06-11 09:56:39,12.5100,9,394048.0000,315,B,12.5100,12.5000,12.4900,12.4800,12.4700,12.5200,12.5300,12.5400,12.5500,12.5600,56,1220,209,1901,225,1139,3048,3870,4449,3793
SZ,000001,2019-06-11 09:56:42,12.5100,11,83840.0000,67,S,12.5100,12.5000,12.4900,12.4800,12.4700,12.5200,12.5300,12.5400,12.5500,12.5600,237,1206,209,1908,225,1506,3048,3870,4461,3842
SZ,000001,2019-06-11 09:56:45,12.5100,38,1062720.0000,849,S,12.5100,12.5000,12.4900,12.4800,12.4700,12.5200,12.5300,12.5400,12.5500,12.5600,267,1206,209,2008,225,1004,3061,3870,4471,3842
SZ,000001,2019-06-11 09:56:48,12.5100,26,1024064.0000,818,S,12.5100,12.5000,12.4900,12.4800,12.4700,12.5200,12.5300,12.5400,12.5500,12.5600,206,1206,209,2008,225,315,3061,3860,4471,3827
SZ,000001,2019-06-11 09:56:51,12.5200,21,473184.0000,378,B,12.5100,12.5000,12.4900,12.4800,12.4700,12.5200,12.5300,12.5400,12.5500,12.5600,1101,1216,209,2008,225,296,3061,3983,4471,3827
SZ,000001,2019-06-11 09:56:54,12.5100,9,413152.0000,330,S,12.5100,12.5000,12.4900,12.4800,12.4700,12.5200,12.5300,12.5400,12.5500,12.5600,1227,1221,209,2008,225,218,3034,4008,4465,3932
SZ,000001,2019-06-11 09:56:57,12.5100,11,663040.0000,530,S,12.5100,12.5000,12.4900,12.4800,12.4700,12.5200,12.5300,12.5400,12.5500,12.5600,720,1216,209,2008,225,249,3034,4008,4465,3932
SZ,000001,2019-06-11 09:57:00,12.5200,18,548864.0000,438,B,12.5200,12.5100,12.5000,12.4900,12.4800,12.5300,12.5400,12.5500,12.5600,12.5700,360,820,1229,193,2013,3001,4008,4471,3952,1635
SZ,000001,2019-06-11 09:57:03,12.5300,14,633568.0000,506,B,12.5200,12.5100,12.5000,12.4900,12.4800,12.5300,12.5400,12.5500,12.5600,12.5700,127,799,1224,181,2013,2916,4008,4480,3952,1635
SZ,000001,2019-06-11 09:57:06,12.5200,9,100160.0000,80,S,12.5200,12.5100,12.5000,12.4900,12.4800,12.5300,12.5400,12.5500,12.5600,12.5700,137,849,1224,181,2013,3606,4008,4476,3952,1645
SZ,000001,2019-06-11 09:57:09,12.5200,17,480416.0000,384,S,12.5100,12.5000,12.4900,12.4800,12.4700,12.5200,12.5300,12.5400,12.5500,12.5600,734,1258,181,2013,321,791,3862,4008,4476,3952
SZ,000001,2019-06-11 09:57:12,12.5300,12,1325888.0000,1059,B,12.5100,12.5000,12.4900,12.4800,12.4700,12.5200,12.5300,12.5400,12.5500,12.5600,738,1254,180,2003,321,15,3408,4028,4776,3952
SZ,000001,2019-06-11 09:57:15,12.5300,54,1944576.0000,1552,B,12.5100,12.5000,12.4900,12.4800,12.4700,12.5300,12.5400,12.5500,12.5600,12.5700,940,1254,180,2003,321,1887,4039,4778,3954,1645
SZ,000001,2019-06-11 09:57:18,12.5200,9,77632.0000,62,S,12.5200,12.5100,12.5000,12.4900,12.4800,12.5300,12.5400,12.5500,12.5600,12.5700,105,1092,1176,180,2003,2305,3839,4787,3954,1652
SZ,000001,2019-06-11 09:57:21,12.5300,6,408384.0000,326,B,12.5200,12.5100,12.5000,12.4900,12.4800,12.5300,12.5400,12.5500,12.5600,12.5700,57,1073,1176,180,2003,2129,3840,4900,3946,1652
