市场代码,证券代码,时间,最新价,成交笔数,成交额,成交量,方向,买一价,买二价,买三价,买四价,买五价,卖一价,卖二价,卖三价,卖四价,卖五价,买一量,买二量,买三量,买四量,买五量,卖一量,卖二量,卖三量,卖四量,卖五量
SZ,000001,2019-06-19 09:25:03,13.2900,1267,71965352.0000,54150,B,13.2800,13.2500,13.2200,13.2100,13.2000,13.2900,13.3000,13.3100,13.3200,13.3300,515,105,11,20,337,6961,1177,57,105,448
SZ,000001,2019-06-19 09:30:03,13.2300,1095,43019080.0000,32333,S,13.2000,13.1900,13.1800,13.1700,13.1600,13.2300,13.2700,13.2800,13.2900,13.3300,452,644,7896,1,392,81,15,767,51,150
SZ,000001,2019-06-19 09:30:06,13.3500,431,15926064.0000,11945,B,13.3500,13.3200,13.3100,13.3000,13.2900,13.3600,13.3800,13.3900,13.4000,13.4100,1452,2,17,3218,1192,5,122,1585,2349,1153
SZ,000001,2019-06-19 09:30:09,13.3700,152,4021744.0000,3015,B,13.3700,13.3200,13.3000,13.2900,13.2800,13.3800,13.3900,13.4000,13.4100,13.4200,592,28,2832,1900,247,344,1624,2473,1153,149
SZ,000001,2019-06-19 09:30:12,13.3000,98,3198064.0000,2399,S,13.3000,13.2900,13.2800,13.2700,13.2600,13.3300,13.3500,13.3700,13.3800,13.3900,6969,2345,247,160,8,37,30,16,320,1634
SZ,000001,2019-06-19 09:30:15,13.3000,79,1975744.0000,1484,S,13.3000,13.2900,13.2800,13.2700,13.2600,13.3100,13.3200,13.3400,13.3500,13.3600,6541,2348,247,160,8,135,30,20,57,132
SZ,000001,2019-06-19 09:30:18,13.3100,39,5466336.0000,4098,B,13.3100,13.3000,13.2900,13.2800,13.2700,13.3500,13.3600,13.3700,13.3800,13.3900,83,5767,2642,247,160,2459,60,364,400,1791
SZ,000001,2019-06-19 09:30:21,13.3300,25,1648096.0000,1235,B,13.3100,13.3000,13.2900,13.2800,13.2700,13.3300,13.3400,13.3500,13.3600,13.3700,116,5751,2622,247,160,757,83,1649,67,365
SZ,000001,2019-06-19 09:30:24,13.3300,32,1048096.0000,787,B,13.3100,13.3000,13.2900,13.2800,13.2700,13.3300,13.3400,13.3500,13.3600,13.3700,194,5699,2521,247,160,528,264,1483,67,466
SZ,000001,2019-06-19 09:30:27,13.2900,46,10360032.0000,7787,S,13.2900,13.2800,13.2700,13.2600,13.2500,13.3000,13.3100,13.3200,13.3300,13.3400,2460,247,160,8,3,3067,26,1593,481,364
SZ,000001,2019-06-19 09:30:30,13.3000,22,1085888.0000,817,B,13.2900,13.2800,13.2700,13.2600,13.2500,13.3000,13.3100,13.3200,13.3300,13.3400,1782,247,160,8,13,3085,109,1616,474,489
SZ,000001,2019-06-19 09:30:33,13.2800,73,2790688.0000,2100,S,13.2800,13.2700,13.2600,13.2500,13.2300,13.2900,13.3000,13.3100,13.3200,13.3300,13,160,8,13,328,623,3100,139,1616,579
SZ,000001,2019-06-19 09:30:36,13.2700,31,552640.0000,416,S,13.2700,13.2600,13.2500,13.2300,13.2100,13.2800,13.2900,13.3000,13.3100,13.3200,66,8,113,323,2660,864,514,3096,271,1616
SZ,000001,2019-06-19 09:30:39,13.2900,35,1875392.0000,1412,B,13.2600,13.2500,13.2300,13.2100,13.2000,13.2800,13.2900,13.3000,13.3100,13.3200,15,123,323,2675,838,16,140,3113,276,1583
SZ,000001,2019-06-19 09:30:42,13.2700,15,127456.0000,96,S,13.2600,13.2500,13.2300,13.2100,13.2000,13.2700,13.2800,13.2900,13.3000,13.3100,18,130,323,2675,809,180,144,951,3196,276
SZ,000001,2019-06-19 09:30:45,13.2700,38,644512.0000,486,B,13.2300,13.2100,13.2000,13.1900,13.1800,13.2700,13.2800,13.2900,13.3000,13.3100,323,2685,809,658,8008,322,601,1218,3258,278
SZ,000001,2019-06-19 09:30:48,13.2000,51,6004080.0000,4543,S,13.1900,13.1800,13.1600,13.1500,13.1400,13.2000,13.2100,13.2200,13.2300,13.2500,652,8110,431,187,100,1213,421,3,300,7
SZ,000001,2019-06-19 09:30:51,13.1900,16,822144.0000,623,S,13.1900,13.1800,13.1600,13.1500,13.1400,13.2000,13.2100,13.2200,13.2300,13.2500,454,8110,431,187,100,797,421,3,314,7
SZ,000001,2019-06-19 09:30:54,13.1900,34,4898384.0000,3716,S,13.1900,13.1800,13.1600,13.1500,13.1400,13.2000,13.2100,13.2200,13.2300,13.2500,2,4866,431,187,100,690,421,3,493,46
SZ,000001,2019-06-19 09:30:57,13.1900,17,489632.0000,371,S,13.1800,13.1600,13.1500,13.1400,13.1300,13.1900,13.2000,13.2100,13.2200,13.2300,4833,434,187,100,10,122,399,421,3,499
SZ,000001,2019-06-19 09:31:00,13.1800,51,7095152.0000,5383,S,13.1600,13.1500,13.1400,13.1300,13.1200,13.1800,13.1900,13.2000,13.2100,13.2200,434,187,100,10,109,879,429,392,421,3
SZ,000001,2019-06-19 09:31:03,13.1800,22,740192.0000,562,B,13.1600,13.1500,13.1400,13.1300,13.1200,13.1700,13.1800,13.1900,13.2000,13.2100,188,187,100,10,109,1,1473,695,381,421
SZ,000001,2019-06-19 09:31:06,13.1600,32,363616.0000,276,S,13.1700,13.1600,13.1500,13.1400,13.1300,13.1800,13.1900,13.2000,13.2100,13.2200,1,178,195,100,10,1376,779,386,21,24
SZ,000001,2019-06-19 09:31:09,13.1700,28,779984.0000,592,S,13.1700,13.1600,13.1500,13.1400,13.1300,13.1800,13.1900,13.2000,13.2100,13.2200,102,175,187,100,10,1090,637,390,21,24
SZ,000001,2019-06-19 09:31:12,13.1700,54,791392.0000,601,S,13.1500,13.1400,13.1300,13.1200,13.1100,13.1600,13.1700,13.1800,13.1900,13.2000,112,100,10,109,612,20,23,929,631,399
SZ,000001,2019-06-19 09:31:15,13.1500,23,601072.0000,457,S,13.1500,13.1400,13.1300,13.1200,13.1100,13.1600,13.1700,13.1800,13.1900,13.2000,10,63,10,109,612,443,9146,911,631,404
SZ,000001,2019-06-19 09:31:18,13.1300,51,3482944.0000,2646,S,13.1200,13.1100,13.1000,13.0900,13.0800,13.1400,13.1500,13.1600,13.1700,13.1800,99,617,110,217,608,5,478,244,7780,953
SZ,000001,2019-06-19 09:31:21,13.1400,22,495632.0000,377,B,13.1400,13.1200,13.1100,13.1000,13.0900,13.1500,13.1600,13.1700,13.1800,13.1900,195,172,624,110,217,290,289,8282,991,676
SZ,000001,2019-06-19 09:31:24,13.1300,52,817552.0000,622,S,13.1400,13.1300,13.1200,13.1100,13.1000,13.1600,13.1700,13.1800,13.1900,13.2000,5,13,57,622,110,299,8343,991,699,426
SZ,000001,2019-06-19 09:31:27,13.1200,45,1531920.0000,1166,S,13.1100,13.1000,13.0900,13.0800,13.0700,13.1200,13.1400,13.1700,13.1800,13.1900,383,130,117,608,656,351,4,8154,1002,698
SZ,000001,2019-06-19 09:31:30,13.1400,41,1501712.0000,1144,B,13.1200,13.1100,13.1000,13.0900,13.0800,13.1400,13.1500,13.1600,13.1700,13.1800,221,582,141,137,608,96,16,38,1131,1002
SZ,000001,2019-06-19 09:31:33,13.1200,72,2976896.0000,2267,S,13.1100,13.1000,13.0900,13.0800,13.0700,13.1200,13.1300,13.1400,13.1500,13.1600,309,135,137,608,656,347,10,566,95,160
SZ,000001,2019-06-19 09:31:36,13.1200,35,1119104.0000,853,B,13.1100,13.1000,13.0900,13.0800,13.0700,13.1200,13.1400,13.1500,13.1600,13.1700,126,185,237,608,656,34,174,96,190,887
SZ,000001,2019-06-19 09:31:39,13.1400,46,1103888.0000,840,B,13.1400,13.1200,13.1100,13.1000,13.0900,13.1600,13.1700,13.1800,13.1900,13.2000,1265,579,136,295,237,190,389,377,390,590
SZ,000001,2019-06-19 09:31:42,13.1600,37,1287696.0000,979,B,13.1400,13.1200,13.1100,13.1000,13.0900,13.1500,13.1600,13.1700,13.1800,13.1900,974,598,185,295,237,100,28,196,377,390
SZ,000001,2019-06-19 09:31:45,13.1300,41,1964224.0000,1495,S,13.1200,13.1100,13.1000,13.0900,13.0800,13.1300,13.1600,13.1700,13.1800,13.1900,467,190,320,237,623,81,33,240,377,364
SZ,000001,2019-06-19 09:31:48,13.1400,31,772352.0000,588,B,13.1200,13.1100,13.1000,13.0900,13.0800,13.1400,13.1500,13.1600,13.1700,13.1800,560,204,350,237,623,154,7,5,283,382
SZ,000001,2019-06-19 09:31:51,13.1200,17,273232.0000,208,S,13.1200,13.1100,13.1000,13.0900,13.0800,13.1400,13.1500,13.1600,13.1700,13.1800,695,194,350,267,623,32,232,194,283,382
SZ,000001,2019-06-19 09:31:54,13.1500,49,765952.0000,583,B,13.1500,13.1400,13.1300,13.1200,13.1100,13.1600,13.1700,13.1800,13.1900,13.2000,304,30,70,717,1220,192,281,382,362,639
SZ,000001,2019-06-19 09:31:57,13.1600,25,293376.0000,223,B,13.1500,13.1400,13.1300,13.1200,13.1100,13.1600,13.1700,13.1800,13.1900,13.2000,244,120,235,720,1364,54,234,446,362,649
SZ,000001,2019-06-19 09:32:00,13.1600,34,478992.0000,364,B,13.1600,13.1500,13.1400,13.1300,13.1200,13.1700,13.1800,13.1900,13.2000,13.2100,8,122,363,265,916,175,477,362,650,86
SZ,000001,2019-06-19 09:32:03,13.1600,110,2810608.0000,2132,S,13.1500,13.1400,13.1300,13.1200,13.1100,13.1600,13.2000,13.2100,13.2200,13.2300,416,366,364,945,1444,550,34,86,48,210
SZ,000001,2019-06-19 09:32:06,13.1600,33,1076640.0000,818,B,13.1600,13.1500,13.1400,13.1300,13.1200,13.1700,13.1800,13.2000,13.2100,13.2200,546,679,462,338,945,10,256,39,86,48
SZ,000001,2019-06-19 09:32:09,13.1700,28,496640.0000,377,B,13.1600,13.1500,13.1400,13.1300,13.1200,13.1700,13.1800,13.1900,13.2000,13.2100,445,704,308,361,985,2,98,20,39,86
SZ,000001,2019-06-19 09:32:12,13.1700,16,210720.0000,160,B,13.1700,13.1600,13.1500,13.1400,13.1300,13.1800,13.1900,13.2000,13.2100,13.2200,294,810,714,308,361,87,30,65,86,49
SZ,000001,2019-06-19 09:32:15,13.1800,27,574272.0000,436,B,13.1700,13.1600,13.1500,13.1400,13.1300,13.1800,13.1900,13.2000,13.2100,13.2200,50,984,314,308,348,31,34,78,86,49
SZ,000001,2019-06-19 09:32:18,13.1600,37,1049824.0000,797,S,13.1600,13.1500,13.1400,13.1300,13.1200,13.1700,13.1900,13.2000,13.2100,13.2200,731,314,318,349,1020,158,52,78,86,49
SZ,000001,2019-06-19 09:32:21,13.1900,40,843216.0000,640,B,13.1800,13.1700,13.1600,13.1500,13.1400,13.1900,13.2000,13.2100,13.2200,13.2300,5,100,1684,320,318,6,88,86,49,213
SZ,000001,2019-06-19 09:32:24,13.1700,42,1045632.0000,793,S,13.1700,13.1600,13.1500,13.1400,13.1300,13.1800,13.2100,13.2200,13.2300,13.2400,94,1548,314,329,339,73,86,49,213,36
SZ,000001,2019-06-19 09:32:27,13.1900,23,687008.0000,521,B,13.1700,13.1600,13.1500,13.1400,13.1300,13.1900,13.2000,13.2100,13.2200,13.2300,224,1578,322,329,319,11,24,86,144,213
SZ,000001,2019-06-19 09:32:30,13.1800,44,1625920.0000,1234,S,13.1700,13.1600,13.1500,13.1400,13.1300,13.1800,13.1900,13.2000,13.2100,13.2200,19,1584,320,329,318,20,316,24,86,144
SZ,000001,2019-06-19 09:32:33,13.1700,31,866208.0000,658,S,13.1600,13.1500,13.1400,13.1300,13.1200,13.1700,13.1800,13.1900,13.2000,13.2100,1216,320,329,534,919,617,9,337,27,86
SZ,000001,2019-06-19 09:32:36,13.1600,41,2691056.0000,2045,S,13.1500,13.1400,13.1300,13.1200,13.1100,13.1600,13.1700,13.1800,13.1900,13.2000,163,329,495,919,1213,556,744,29,289,7127
SZ,000001,2019-06-19 09:32:39,13.1500,59,1397088.0000,1063,S,13.1300,13.1200,13.1100,13.1000,13.0900,13.1500,13.1600,13.1700,13.1800,13.1900,260,919,1213,387,337,781,664,808,29,295
SZ,000001,2019-06-19 09:32:42,13.1200,30,1350528.0000,1029,S,13.1200,13.1100,13.1000,13.0900,13.0800,13.1300,13.1400,13.1500,13.1600,13.1700,381,1203,387,337,760,1441,138,521,493,799
SZ,000001,2019-06-19 09:32:45,13.1500,59,4158656.0000,3170,B,13.1100,13.1000,13.0900,13.0800,13.0700,13.1500,13.1600,13.1700,13.1800,13.1900,281,391,337,760,630,448,493,862,33,295
SZ,000001,2019-06-19 09:32:48,13.1200,22,663440.0000,506,S,13.1000,13.0900,13.0800,13.0700,13.0600,13.1200,13.1300,13.1400,13.1500,13.1600,365,337,760,630,270,517,82,3,436,533
SZ,000001,2019-06-19 09:32:51,13.1200,33,572720.0000,437,B,13.1000,13.0900,13.0800,13.0700,13.0600,13.1200,13.1300,13.1400,13.1500,13.1600,81,337,760,630,270,464,92,53,485,533
SZ,000001,2019-06-19 09:32:54,13.1000,36,932160.0000,711,S,13.0900,13.0800,13.0700,13.0600,13.0500,13.1000,13.1100,13.1200,13.1300,13.1400,530,760,630,270,7424,539,78,223,63,50
SZ,000001,2019-06-19 09:32:57,13.1000,15,632576.0000,483,B,13.0900,13.0800,13.0700,13.0600,13.0500,13.1000,13.1100,13.1200,13.1300,13.1400,368,767,630,270,7474,525,130,276,63,60
SZ,000001,2019-06-19 09:33:00,13.0900,28,611664.0000,467,S,13.0900,13.0800,13.0700,13.0600,13.0500,13.1000,13.1100,13.1200,13.1300,13.1400,278,767,630,290,7574,305,132,383,63,60
SZ,000001,2019-06-19 09:33:03,13.0900,50,1090960.0000,833,S,13.0800,13.0700,13.0600,13.0500,13.0400,13.0900,13.1000,13.1100,13.1200,13.1300,767,630,363,7574,49,211,5,64,387,63
SZ,000001,2019-06-19 09:33:06,13.0900,28,537792.0000,411,B,13.0800,13.0700,13.0600,13.0500,13.0400,13.0900,13.1000,13.1100,13.1200,13.1300,616,630,492,7574,49,410,137,66,287,13
SZ,000001,2019-06-19 09:33:09,13.0800,50,1194960.0000,913,S,13.0800,13.0700,13.0600,13.0500,13.0400,13.0900,13.1000,13.1100,13.1200,13.1300,387,636,602,7574,49,28,115,67,262,13
SZ,000001,2019-06-19 09:33:12,13.0900,57,1011520.0000,773,B,13.0900,13.0800,13.0700,13.0600,13.0500,13.1000,13.1100,13.1200,13.1300,13.1400,201,2,636,645,7574,137,57,199,13,10
SZ,000001,2019-06-19 09:33:15,13.0900,85,2227536.0000,1703,S,13.1000,13.0900,13.0800,13.0600,13.0500,13.1200,13.1300,13.1500,13.1600,13.1700,250,125,56,367,7574,344,13,553,133,247
SZ,000001,2019-06-19 09:33:18,13.1000,30,1206256.0000,921,S,13.0900,13.0800,13.0600,13.0500,13.0400,13.1000,13.1100,13.1200,13.1300,13.1400,1115,115,442,7574,49,2,6,337,13,110
SZ,000001,2019-06-19 09:33:21,13.1000,28,753216.0000,575,B,13.1000,13.0900,13.0800,13.0600,13.0500,13.1200,13.1300,13.1400,13.1500,13.1600,218,1165,196,599,7574,300,3,110,546,133
SZ,000001,2019-06-19 09:33:24,13.1100,42,877104.0000,669,B,13.1100,13.1000,13.0900,13.0800,13.0600,13.1200,13.1300,13.1400,13.1500,13.1600,30,296,1161,196,664,26,156,111,546,133
SZ,000001,2019-06-19 09:33:27,13.1000,35,643632.0000,491,S,13.1000,13.0900,13.0800,13.0600,13.0500,13.1300,13.1400,13.1500,13.1600,13.1700,64,1160,196,664,7582,83,111,567,133,247
SZ,000001,2019-06-19 09:33:30,13.1000,35,313184.0000,239,S,13.1000,13.0900,13.0800,13.0600,13.0500,13.1200,13.1300,13.1400,13.1500,13.1600,12,1029,226,669,7582,2,77,111,567,133
SZ,000001,2019-06-19 09:33:33,13.1100,33,1963072.0000,1498,B,13.1100,13.1000,13.0900,13.0800,13.0600,13.1400,13.1500,13.1600,13.1700,13.1800,48,188,1026,226,672,46,612,133,317,243
SZ,000001,2019-06-19 09:33:36,13.1200,21,257040.0000,196,B,13.1200,13.1000,13.0900,13.0800,13.0600,13.1400,13.1500,13.1600,13.1700,13.1800,82,207,1019,202,681,40,614,134,317,243
SZ,000001,2019-06-19 09:33:39,13.1200,31,371168.0000,283,S,13.1100,13.1000,13.0900,13.0800,13.0700,13.1200,13.1300,13.1400,13.1500,13.1600,187,537,1029,212,5,136,74,47,626,134
SZ,000001,2019-06-19 09:33:42,13.1200,22,656496.0000,500,B,13.1200,13.1100,13.1000,13.0900,13.0800,13.1300,13.1400,13.1500,13.1600,13.1700,908,204,567,1029,212,5,10,631,134,317
SZ,000001,2019-06-19 09:33:45,13.1300,28,1460560.0000,1113,B,13.1200,13.1100,13.1000,13.0900,13.0800,13.1300,13.1500,13.1600,13.1700,13.1800,123,224,701,1029,173,30,564,134,249,257
SZ,000001,2019-06-19 09:33:48,13.1300,26,775520.0000,591,B,13.1300,13.1200,13.1100,13.1000,13.0900,13.1500,13.1600,13.1700,13.1800,13.1900,43,275,207,703,1029,561,141,249,257,329
SZ,000001,2019-06-19 09:33:51,13.1400,23,350992.0000,267,B,13.1400,13.1300,13.1200,13.1100,13.1000,13.1500,13.1600,13.1700,13.1800,13.1900,15,1113,285,207,706,366,136,249,257,329
SZ,000001,2019-06-19 09:33:54,13.1500,29,318144.0000,242,B,13.1400,13.1300,13.1200,13.1100,13.1000,13.1500,13.1600,13.1700,13.1800,13.1900,65,1105,285,207,801,268,136,249,257,329
SZ,000001,2019-06-19 09:33:57,13.1400,57,863616.0000,657,S,13.1500,13.1400,13.1300,13.1200,13.1100,13.1600,13.1700,13.1800,13.1900,13.2000,1,27,946,20,207,86,249,368,349,642
SZ,000001,2019-06-19 09:34:00,13.1400,16,205024.0000,156,S,13.1400,13.1300,13.1200,13.1100,13.1000,13.1500,13.1600,13.1700,13.1800,13.1900,9,924,20,207,806,20,66,189,368,361
SZ,000001,2019-06-19 09:34:03,13.1500,25,274880.0000,209,B,13.1300,13.1200,13.1100,13.1000,13.0900,13.1500,13.1600,13.1700,13.1800,13.1900,940,20,197,806,1039,232,6,191,365,361
SZ,000001,2019-06-19 09:34:06,13.1500,24,652192.0000,496,B,13.1400,13.1300,13.1200,13.1100,13.1000,13.1500,13.1600,13.1700,13.1800,13.1900,33,948,26,197,806,85,7,191,365,391
SZ,000001,2019-06-19 09:34:09,13.1600,31,569136.0000,433,B,13.1500,13.1400,13.1300,13.1200,13.1100,13.1600,13.1700,13.1800,13.1900,13.2000,119,31,998,20,197,24,191,367,391,677
SZ,000001,2019-06-19 09:34:12,13.1700,21,573408.0000,436,B,13.1600,13.1500,13.1400,13.1300,13.1200,13.1700,13.1800,13.1900,13.2000,13.2100,39,113,35,978,20,177,241,391,727,242
SZ,000001,2019-06-19 09:34:15,13.1600,25,272304.0000,207,S,13.1500,13.1400,13.1300,13.1200,13.1100,13.1600,13.1700,13.1800,13.1900,13.2000,61,40,978,10,197,16,176,291,291,729
SZ,000001,2019-06-19 09:34:18,13.1500,14,340592.0000,259,S,13.1400,13.1300,13.1200,13.1100,13.1000,13.1500,13.1600,13.1700,13.1800,13.1900,43,978,28,197,2682,425,39,186,289,291
SZ,000001,2019-06-19 09:34:21,13.1600,44,867696.0000,660,B,13.1300,13.1200,13.1100,13.1000,13.0900,13.1600,13.1700,13.1800,13.1900,13.2000,946,33,197,2692,1059,80,206,289,201,763
SZ,000001,2019-06-19 09:34:24,13.1500,16,127584.0000,97,S,13.1500,13.1300,13.1200,13.1100,13.1000,13.1600,13.1700,13.1800,13.1900,13.2000,19,1111,33,197,2692,58,234,729,201,766
SZ,000001,2019-06-19 09:34:27,13.1600,23,192016.0000,146,B,13.1500,13.1300,13.1200,13.1100,13.1000,13.1600,13.1700,13.1800,13.1900,13.2000,190,1094,103,197,2632,129,164,729,201,771
SZ,000001,2019-06-19 09:34:30,13.1700,57,2365744.0000,1797,B,13.1600,13.1500,13.1300,13.1200,13.1100,13.1700,13.1800,13.1900,13.2000,13.2100,15,5,1068,103,209,6,656,201,781,240
SZ,000001,2019-06-19 09:34:33,13.1600,27,653616.0000,497,S,13.1500,13.1400,13.1300,13.1200,13.1100,13.1600,13.1700,13.1800,13.1900,13.2000,146,30,1045,105,209,70,9,656,201,784
SZ,000001,2019-06-19 09:34:36,13.1500,27,494464.0000,376,S,13.1400,13.1300,13.1200,13.1100,13.1000,13.1500,13.1600,13.1700,13.1800,13.1900,67,977,105,269,2635,2740,156,59,686,211
SZ,000001,2019-06-19 09:34:39,13.1300,23,695984.0000,530,S,13.1300,13.1200,13.1100,13.1000,13.0900,13.1400,13.1500,13.1600,13.1700,13.1800,471,1105,269,2650,86,21,2857,176,80,709
SZ,000001,2019-06-19 09:34:42,13.1400,22,566144.0000,431,B,13.1300,13.1200,13.1100,13.1000,13.0900,13.1400,13.1500,13.1600,13.1700,13.1800,216,1116,289,2650,94,91,2814,214,87,709
SZ,000001,2019-06-19 09:34:45,13.1300,43,857168.0000,653,S,13.1200,13.1100,13.1000,13.0900,13.0800,13.1300,13.1400,13.1500,13.1600,13.1700,798,289,2650,94,144,25,9,2820,220,87
SZ,000001,2019-06-19 09:34:48,13.1200,23,526288.0000,401,S,13.1200,13.1100,13.1000,13.0900,13.0800,13.1300,13.1400,13.1500,13.1600,13.1700,500,302,2650,94,136,379,244,2779,220,107
SZ,000001,2019-06-19 09:34:51,13.1200,18,1071840.0000,817,S,13.1100,13.1000,13.0900,13.0800,13.0700,13.1200,13.1300,13.1400,13.1500,13.1600,183,2671,94,136,120,565,349,277,2842,166
SZ,000001,2019-06-19 09:34:54,13.1100,51,1649504.0000,1259,S,13.1000,13.0900,13.0800,13.0700,13.0600,13.1100,13.1200,13.1300,13.1400,13.1500,1620,104,143,120,1131,96,737,359,277,2842
SZ,000001,2019-06-19 09:34:57,13.1000,36,3287408.0000,2508,S,13.1000,13.0900,13.0800,13.0700,13.0600,13.1200,13.1300,13.1400,13.1500,13.1600,143,104,143,120,1135,376,406,255,2841,189
SZ,000001,2019-06-19 09:35:00,13.1200,89,2670336.0000,2040,B,13.0600,13.0500,13.0400,13.0300,13.0200,13.1300,13.1400,13.1500,13.1600,13.1700,510,6625,49,171,61,488,247,2832,186,122
SZ,000001,2019-06-19 09:35:03,13.0600,32,1205184.0000,922,S,13.0600,13.0500,13.0400,13.0300,13.0200,13.1000,13.1100,13.1200,13.1300,13.1400,17,6625,49,171,61,230,136,23,495,267
SZ,000001,2019-06-19 09:35:06,13.1000,23,528896.0000,404,B,13.0700,13.0600,13.0500,13.0400,13.0300,13.1000,13.1100,13.1200,13.1300,13.1400,179,417,6631,49,171,21,194,178,495,267
SZ,000001,2019-06-19 09:35:09,13.0700,18,278816.0000,213,S,13.1000,13.0900,13.0700,13.0600,13.0500,13.1100,13.1200,13.1300,13.1400,13.1500,1,56,269,536,6641,188,278,551,267,2852
SZ,000001,2019-06-19 09:35:12,13.1000,26,419360.0000,320,S,13.0800,13.0700,13.0600,13.0500,13.0400,13.1000,13.1100,13.1200,13.1300,13.1400,9,271,779,6685,49,189,95,278,548,317
SZ,000001,2019-06-19 09:35:15,13.1000,21,615648.0000,470,B,13.0900,13.0800,13.0700,13.0600,13.0500,13.1000,13.1100,13.1200,13.1300,13.1400,7,53,281,787,6685,414,295,298,449,318
SZ,000001,2019-06-19 09:35:18,13.0900,29,916384.0000,700,S,13.0800,13.0700,13.0600,13.0500,13.0400,13.0900,13.1000,13.1100,13.1200,13.1300,1043,147,965,6700,49,272,210,200,305,251
SZ,000001,2019-06-19 09:35:21,13.0900,36,1319712.0000,1008,B,13.0900,13.0800,13.0700,13.0600,13.0500,13.1000,13.1100,13.1200,13.1300,13.1400,335,1111,170,1003,6710,135,200,355,251,328
SZ,000001,2019-06-19 09:35:24,13.1000,27,723136.0000,552,S,13.1000,13.0900,13.0800,13.0700,13.0600,13.1100,13.1200,13.1300,13.1400,13.1500,1657,489,1113,184,1037,172,366,251,328,2844
SZ,000001,2019-06-19 09:35:27,13.1100,20,427392.0000,326,B,13.1100,13.1000,13.0900,13.0800,13.0700,13.1200,13.1300,13.1400,13.1500,13.1600,1886,1846,230,1113,184,338,251,328,2845,212
SZ,000001,2019-06-19 09:35:30,13.1200,23,823936.0000,628,B,13.1200,13.1100,13.1000,13.0900,13.0800,13.1300,13.1400,13.1500,13.1600,13.1700,1126,345,1853,190,1113,261,348,2875,208,150
SZ,000001,2019-06-19 09:35:33,13.1000,26,536352.0000,409,S,13.1000,13.0900,13.0800,13.0700,13.0600,13.1100,13.1300,13.1400,13.1500,13.1600,1817,186,1116,260,1050,21,216,378,2875,226
SZ,000001,2019-06-19 09:35:36,13.1000,39,885312.0000,675,S,13.1100,13.1000,13.0900,13.0800,13.0700,13.1200,13.1300,13.1400,13.1500,13.1600,3,1599,184,1116,157,42,25,358,2875,226
SZ,000001,2019-06-19 09:35:39,13.1000,29,305440.0000,233,S,13.1000,13.0900,13.0800,13.0700,13.0600,13.1200,13.1300,13.1400,13.1500,13.1600,1504,199,1161,162,1064,65,25,418,2885,226
SZ,000001,2019-06-19 09:35:42,13.1100,30,617536.0000,471,B,13.1100,13.1000,13.0900,13.0800,13.0700,13.1200,13.1300,13.1400,13.1500,13.1600,171,1412,207,1161,162,123,12,435,2885,262
SZ,000001,2019-06-19 09:35:45,13.1200,24,565504.0000,431,B,13.1200,13.1100,13.1000,13.0900,13.0800,13.1300,13.1400,13.1500,13.1600,13.1700,20,230,1414,209,1221,6,569,2885,262,142
SZ,000001,2019-06-19 09:35:48,13.1200,28,687584.0000,524,S,13.1100,13.1000,13.0900,13.0800,13.0700,13.1200,13.1300,13.1400,13.1500,13.1600,101,222,209,1221,180,283,64,354,2890,262
SZ,000001,2019-06-19 09:35:51,13.1100,17,514208.0000,392,S,13.1100,13.1000,13.0900,13.0800,13.0700,13.1200,13.1300,13.1400,13.1500,13.1600,174,256,224,1221,180,137,111,364,2895,256
SZ,000001,2019-06-19 09:35:54,13.1200,52,1218336.0000,929,B,13.1100,13.1000,13.0900,13.0800,13.0700,13.1200,13.1300,13.1400,13.1500,13.1600,13,29,224,1321,180,24,343,414,2916,256
SZ,000001,2019-06-19 09:35:57,13.1300,27,891296.0000,679,B,13.1200,13.1100,13.1000,13.0900,13.0800,13.1300,13.1400,13.1500,13.1600,13.1700,793,21,131,224,1328,112,637,2913,256,152
SZ,000001,2019-06-19 09:36:00,13.1200,32,774656.0000,590,S,13.1200,13.1100,13.1000,13.0900,13.0800,13.1400,13.1500,13.1600,13.1700,13.1800,625,31,125,224,1338,415,2931,276,152,997
SZ,000001,2019-06-19 09:36:03,13.1100,34,1312640.0000,1000,S,13.1100,13.1000,13.0900,13.0800,13.0700,13.1200,13.1300,13.1400,13.1500,13.1600,24,246,228,1442,210,1168,4,257,2951,336
SZ,000001,2019-06-19 09:36:06,13.1100,24,916896.0000,699,S,13.1000,13.0900,13.0800,13.0700,13.0600,13.1100,13.1200,13.1300,13.1400,13.1500,203,228,1452,210,1181,34,614,231,317,2956
SZ,000001,2019-06-19 09:36:09,13.1100,34,2324960.0000,1772,B,13.1100,13.1000,13.0900,13.0800,13.0700,13.1300,13.1400,13.1500,13.1600,13.1700,159,253,282,1475,210,5,150,3043,336,149
SZ,000001,2019-06-19 09:36:12,13.1100,12,116736.0000,89,S,13.1200,13.1100,13.1000,13.0900,13.0800,13.1300,13.1400,13.1500,13.1600,13.1700,2,311,365,380,1562,6,150,3052,326,149
SZ,000001,2019-06-19 09:36:15,13.1100,16,98432.0000,75,S,13.1100,13.1000,13.0900,13.0800,13.0700,13.1200,13.1300,13.1400,13.1500,13.1600,291,353,430,1562,202,39,109,150,3052,326
SZ,000001,2019-06-19 09:36:18,13.1200,10,326464.0000,249,B,13.1100,13.1000,13.0900,13.0800,13.0700,13.1200,13.1300,13.1400,13.1500,13.1600,60,359,430,1562,192,71,198,150,3322,326
SZ,000001,2019-06-19 09:36:21,13.1100,26,279360.0000,213,S,13.1100,13.1000,13.0900,13.0800,13.0700,13.1200,13.1300,13.1400,13.1500,13.1600,36,472,430,1562,192,119,247,200,3323,326
SZ,000001,2019-06-19 09:36:24,13.1200,31,684832.0000,522,B,13.1200,13.1100,13.1000,13.0900,13.0800,13.1300,13.1400,13.1500,13.1600,13.1700,876,107,491,430,1562,82,224,3383,276,149
SZ,000001,2019-06-19 09:36:27,13.1300,12,230912.0000,176,B,13.1200,13.1100,13.1000,13.0900,13.0800,13.1300,13.1400,13.1500,13.1600,13.1700,742,114,591,430,1562,213,242,3426,330,149
SZ,000001,2019-06-19 09:36:30,13.1200,16,394944.0000,301,S,13.1200,13.1100,13.1000,13.0900,13.0800,13.1300,13.1400,13.1500,13.1600,13.1700,475,114,559,435,1562,235,328,3436,371,149
SZ,000001,2019-06-19 09:36:33,13.1200,26,953824.0000,727,S,13.1100,13.1000,13.0900,13.0800,13.0700,13.1200,13.1300,13.1400,13.1500,13.1600,110,579,435,1562,192,134,482,343,3438,377
SZ,000001,2019-06-19 09:36:36,13.1200,25,636160.0000,485,B,13.1200,13.1000,13.0900,13.0800,13.0700,13.1300,13.1400,13.1500,13.1600,13.1700,35,571,465,1572,192,456,369,3448,377,199
SZ,000001,2019-06-19 09:36:39,13.1100,11,338304.0000,258,S,13.1000,13.0900,13.0800,13.0700,13.0600,13.1100,13.1200,13.1300,13.1400,13.1500,502,465,1582,192,1807,112,186,483,382,3463
SZ,000001,2019-06-19 09:36:42,13.1000,29,404960.0000,309,S,13.1100,13.1000,13.0900,13.0800,13.0700,13.1200,13.1300,13.1400,13.1500,13.1600,48,356,490,1582,192,233,493,382,3463,378
SZ,000001,2019-06-19 09:36:45,13.1200,21,458624.0000,350,B,13.1000,13.0900,13.0800,13.0700,13.0600,13.1100,13.1200,13.1300,13.1400,13.1500,185,478,1582,192,1867,10,380,413,382,3583
SZ,000001,2019-06-19 09:36:48,13.1000,40,866880.0000,662,S,13.0900,13.0800,13.0700,13.0600,13.0500,13.1100,13.1200,13.1300,13.1400,13.1500,71,1582,192,1669,6682,168,614,443,393,3583
SZ,000001,2019-06-19 09:36:51,13.1100,15,256640.0000,196,B,13.0800,13.0700,13.0600,13.0500,13.0400,13.1100,13.1200,13.1300,13.1400,13.1500,1528,192,1669,6682,64,336,589,443,403,3584
SZ,000001,2019-06-19 09:36:54,13.0900,18,986720.0000,753,S,13.0900,13.0800,13.0700,13.0600,13.0500,13.1100,13.1200,13.1300,13.1400,13.1500,75,1395,199,1669,6682,6,575,481,413,3554
SZ,000001,2019-06-19 09:36:57,13.0900,27,1448448.0000,1105,S,13.0900,13.0800,13.0700,13.0600,13.0500,13.1000,13.1200,13.1300,13.1400,13.1500,10,1395,199,1669,6632,100,595,464,418,3554
SZ,000001,2019-06-19 09:37:00,13.1000,19,774656.0000,592,B,13.1000,13.0800,13.0700,13.0600,13.0500,13.1100,13.1200,13.1300,13.1400,13.1500,108,984,192,1669,6624,140,650,465,468,3594
SZ,000001,2019-06-19 09:37:03,13.1000,23,500064.0000,382,S,13.0900,13.0800,13.0700,13.0600,13.0500,13.1000,13.1100,13.1200,13.1300,13.1400,74,879,192,1669,6911,612,235,895,438,476
SZ,000001,2019-06-19 09:37:06,13.1000,26,500032.0000,382,B,13.0800,13.0700,13.0600,13.0500,13.0400,13.1000,13.1100,13.1200,13.1300,13.1400,821,224,1729,6911,64,581,246,912,438,581
SZ,000001,2019-06-19 09:37:09,13.1000,25,609856.0000,466,B,13.0800,13.0700,13.0600,13.0500,13.0400,13.1000,13.1100,13.1200,13.1300,13.1400,542,241,1729,6920,64,521,213,963,438,608
SZ,000001,2019-06-19 09:37:12,13.0800,19,256448.0000,196,S,13.0800,13.0700,13.0600,13.0500,13.0400,13.0900,13.1000,13.1100,13.1200,13.1300,409,341,1739,6920,64,141,536,213,996,438
SZ,000001,2019-06-19 09:37:15,13.0800,29,603136.0000,461,S,13.0800,13.0700,13.0600,13.0500,13.0400,13.0900,13.1000,13.1100,13.1200,13.1300,91,361,1759,6920,64,66,410,441,1040,378
SZ,000001,2019-06-19 09:37:18,13.0700,30,663264.0000,507,S,13.0700,13.0600,13.0500,13.0400,13.0300,13.0800,13.0900,13.1000,13.1100,13.1200,227,1809,6920,64,116,360,496,455,426,942
SZ,000001,2019-06-19 09:37:21,13.0800,21,379200.0000,290,B,13.0700,13.0600,13.0500,13.0400,13.0300,13.0800,13.0900,13.1000,13.1100,13.1200,118,1768,6920,64,166,562,582,512,419,942
SZ,000001,2019-06-19 09:37:24,13.0700,36,1223840.0000,936,S,13.0600,13.0500,13.0400,13.0300,13.0200,13.0800,13.0900,13.1000,13.1100,13.1200,1688,6920,75,166,162,302,474,517,419,873
SZ,000001,2019-06-19 09:37:27,13.0900,80,1668512.0000,1275,B,13.0900,13.0800,13.0700,13.0600,13.0500,13.1000,13.1100,13.1200,13.1300,13.1400,728,251,393,1788,6920,274,419,853,317,667
SZ,000001,2019-06-19 09:37:30,13.0900,43,1882080.0000,1437,S,13.0900,13.0800,13.0700,13.0600,13.0500,13.1100,13.1200,13.1300,13.1400,13.1500,855,694,426,3639,6870,369,850,317,676,3677
SZ,000001,2019-06-19 09:37:33,13.0900,45,1542080.0000,1177,S,13.0900,13.0800,13.0700,13.0600,13.0500,13.1000,13.1100,13.1200,13.1300,13.1400,421,478,429,4085,6879,1,327,818,317,649
SZ,000001,2019-06-19 09:37:36,13.0900,24,406272.0000,310,S,13.0900,13.0800,13.0700,13.0600,13.0500,13.1100,13.1200,13.1300,13.1400,13.1500,505,578,469,4521,6879,232,823,312,665,3676
SZ,000001,2019-06-19 09:37:39,13.1000,39,1216640.0000,928,B,13.1000,13.0900,13.0800,13.0700,13.0600,13.1100,13.1200,13.1300,13.1400,13.1500,6,366,608,490,5190,159,742,312,715,3773
SZ,000001,2019-06-19 09:37:42,13.0900,26,673472.0000,514,S,13.0900,13.0800,13.0700,13.0600,13.0500,13.1000,13.1100,13.1200,13.1300,13.1400,172,766,500,5190,6894,40,8,697,302,715
SZ,000001,2019-06-19 09:37:45,13.1100,28,774208.0000,591,B,13.1000,13.0900,13.0800,13.0700,13.0600,13.1100,13.1200,13.1300,13.1400,13.1500,225,218,1772,500,5190,192,697,302,715,3773
SZ,000001,2019-06-19 09:37:48,13.0900,21,385152.0000,294,S,13.0900,13.0800,13.0700,13.0600,13.0500,13.1100,13.1200,13.1300,13.1400,13.1500,178,1766,520,5190,6887,150,707,94,776,3783
SZ,000001,2019-06-19 09:37:51,13.1200,36,635488.0000,485,B,13.0900,13.0800,13.0700,13.0600,13.0500,13.1000,13.1200,13.1300,13.1400,13.1500,135,1766,520,5241,6887,8,693,99,777,3839
SZ,000001,2019-06-19 09:37:54,13.1200,29,424576.0000,324,B,13.1000,13.0900,13.0800,13.0700,13.0600,13.1200,13.1300,13.1400,13.1500,13.1600,71,204,1805,520,5241,700,99,803,3844,335
SZ,000001,2019-06-19 09:37:57,13.0900,38,517664.0000,395,S,13.0900,13.0800,13.0700,13.0600,13.0500,13.1000,13.1100,13.1200,13.1300,13.1400,97,1370,570,5231,6877,40,12,568,99,803
SZ,000001,2019-06-19 09:38:00,13.1000,16,121824.0000,93,B,13.0900,13.0800,13.0700,13.0600,13.0500,13.1000,13.1100,13.1200,13.1300,13.1400,107,1431,568,5231,6879,90,263,568,99,753
SZ,000001,2019-06-19 09:38:03,13.0900,20,306496.0000,234,S,13.0900,13.0800,13.0700,13.0600,13.0500,13.1000,13.1100,13.1200,13.1300,13.1400,497,1431,593,5224,6909,2,263,562,99,753
SZ,000001,2019-06-19 09:38:06,13.1100,16,172928.0000,132,B,13.0900,13.0800,13.0700,13.0600,13.0500,13.1000,13.1100,13.1200,13.1300,13.1400,467,1451,613,5194,6912,74,218,562,171,749
SZ,000001,2019-06-19 09:38:09,13.1000,24,330112.0000,252,B,13.1000,13.0900,13.0800,13.0700,13.0600,13.1100,13.1200,13.1300,13.1400,13.1500,295,432,1454,679,5194,224,598,276,736,3867
SZ,000001,2019-06-19 09:38:12,13.1000,17,995232.0000,760,S,13.1000,13.0900,13.0800,13.0700,13.0600,13.1100,13.1200,13.1300,13.1400,13.1500,10,123,1701,739,5194,297,624,291,708,3877
SZ,000001,2019-06-19 09:38:15,13.1000,23,335744.0000,256,S,13.1000,13.0900,13.0800,13.0700,13.0600,13.1100,13.1200,13.1300,13.1400,13.1500,267,10,1711,769,5173,307,624,291,708,3877
SZ,000001,2019-06-19 09:38:18,13.1100,12,372192.0000,284,B,13.1000,13.0900,13.0800,13.0700,13.0600,13.1100,13.1200,13.1300,13.1400,13.1500,168,50,1711,774,5175,199,624,334,708,3879
SZ,000001,2019-06-19 09:38:21,13.1200,38,778880.0000,594,B,13.1000,13.0900,13.0800,13.0700,13.0600,13.1200,13.1300,13.1400,13.1500,13.1600,629,210,1711,744,5169,398,334,713,3882,325
SZ,000001,2019-06-19 09:38:24,13.1100,39,637568.0000,486,S,13.1100,13.1000,13.0900,13.0800,13.0700,13.1200,13.1300,13.1400,13.1500,13.1600,40,748,200,1700,744,40,334,718,3887,325
SZ,000001,2019-06-19 09:38:27,13.1200,12,148288.0000,113,B,13.1200,13.1100,13.1000,13.0900,13.0800,13.1300,13.1400,13.1500,13.1600,13.1700,199,63,900,205,1700,301,718,3887,329,226
SZ,000001,2019-06-19 09:38:30,13.1100,9,72160.0000,55,S,13.1100,13.1000,13.0900,13.0800,13.0700,13.1200,13.1300,13.1400,13.1500,13.1600,54,1217,451,1701,766,17,623,728,3887,329
SZ,000001,2019-06-19 09:38:33,13.1300,41,1004032.0000,765,B,13.1100,13.1000,13.0900,13.0800,13.0700,13.1300,13.1400,13.1500,13.1600,13.1700,247,1173,462,1701,766,213,728,3821,329,226
SZ,000001,2019-06-19 09:38:36,13.1300,14,354496.0000,270,B,13.1200,13.1100,13.1000,13.0900,13.0800,13.1300,13.1400,13.1500,13.1600,13.1700,35,282,1179,492,1751,84,1061,3827,329,226
SZ,000001,2019-06-19 09:38:39,13.1200,20,381312.0000,290,S,13.1200,13.1100,13.1000,13.0900,13.0800,13.1400,13.1500,13.1600,13.1700,13.1800,13,287,1183,492,1751,1060,3837,329,226,1182
SZ,000001,2019-06-19 09:38:42,13.1100,21,368448.0000,281,S,13.1100,13.1000,13.0900,13.0800,13.0700,13.1300,13.1400,13.1500,13.1600,13.1700,60,1174,239,754,789,68,1065,3881,329,226
SZ,000001,2019-06-19 09:38:45,13.1300,9,95808.0000,73,B,13.1200,13.1100,13.1000,13.0900,13.0800,13.1300,13.1400,13.1500,13.1600,13.1700,15,76,1243,239,754,85,1054,4076,329,226
SZ,000001,2019-06-19 09:38:48,13.1300,20,95808.0000,73,B,13.1100,13.1000,13.0900,13.0800,13.0700,13.1300,13.1400,13.1500,13.1600,13.1700,2216,1234,249,754,804,314,1054,4097,329,226
SZ,000001,2019-06-19 09:38:51,13.1300,38,1656704.0000,1263,B,13.1200,13.1100,13.1000,13.0900,13.0800,13.1400,13.1500,13.1600,13.1700,13.1800,51,1429,1234,249,754,1064,4005,329,226,1242
SZ,000001,2019-06-19 09:38:54,13.1200,21,291648.0000,222,S,13.1200,13.1100,13.1000,13.0900,13.0800,13.1300,13.1400,13.1500,13.1600,13.1700,31,1429,1234,211,754,19,1010,4125,329,233
SZ,000001,2019-06-19 09:38:57,13.1300,52,4411648.0000,3356,B,13.1400,13.1300,13.1200,13.1100,13.1000,13.1500,13.1600,13.1700,13.1800,13.1900,48,191,163,1429,1234,2028,329,233,1242,2115
SZ,000001,2019-06-19 09:39:00,13.1200,19,468896.0000,357,S,13.1200,13.1100,13.1000,13.0900,13.0800,13.1300,13.1500,13.1600,13.1700,13.1800,158,1407,1234,211,854,5,2325,662,325,1242
SZ,000001,2019-06-19 09:39:03,13.1300,9,95808.0000,73,B,13.1200,13.1100,13.1000,13.0900,13.0800,13.1300,13.1400,13.1500,13.1600,13.1700,169,1415,1244,181,854,14,208,2329,662,325
SZ,000001,2019-06-19 09:39:06,13.1200,17,145728.0000,111,S,13.1200,13.1100,13.1000,13.0900,13.0800,13.1300,13.1400,13.1500,13.1600,13.1700,158,1445,1254,181,844,106,281,2105,662,658
SZ,000001,2019-06-19 09:39:09,13.1100,17,676832.0000,516,S,13.1100,13.1000,13.0900,13.0800,13.0700,13.1300,13.1400,13.1500,13.1600,13.1700,1207,1264,181,844,856,58,360,2145,662,656
SZ,000001,2019-06-19 09:39:12,13.1200,5,21024.0000,16,B,13.1200,13.1100,13.1000,13.0900,13.0800,13.1300,13.1400,13.1500,13.1600,13.1700,301,1216,1273,181,824,568,400,2145,662,656
SZ,000001,2019-06-19 09:39:15,13.1200,17,748352.0000,570,S,13.1200,13.1100,13.1000,13.0900,13.0800,13.1300,13.1400,13.1500,13.1600,13.1700,293,1226,1293,191,824,52,383,2145,662,656
SZ,000001,2019-06-19 09:39:18,13.1200,17,241472.0000,184,S,13.1200,13.1100,13.1000,13.0900,13.0800,13.1300,13.1400,13.1500,13.1600,13.1700,168,1226,1284,191,824,141,457,2151,662,656
SZ,000001,2019-06-19 09:39:21,13.1100,25,658752.0000,502,S,13.1100,13.1000,13.0900,13.0800,13.0700,13.1200,13.1300,13.1400,13.1500,13.1600,1196,1284,191,824,845,2,11,378,2186,662
SZ,000001,2019-06-19 09:39:24,13.1100,18,524000.0000,399,S,13.1100,13.1000,13.0900,13.0800,13.0700,13.1200,13.1300,13.1400,13.1500,13.1600,1213,1295,191,824,861,240,5,122,2210,662
SZ,000001,2019-06-19 09:39:27,13.1100,19,566464.0000,432,S,13.1100,13.1000,13.0900,13.0800,13.0700,13.1200,13.1300,13.1400,13.1500,13.1600,942,1284,191,824,861,163,11,206,2210,662
SZ,000001,2019-06-19 09:39:30,13.1100,21,789312.0000,602,S,13.1100,13.1000,13.0900,13.0800,13.0700,13.1200,13.1300,13.1400,13.1500,13.1600,430,1224,201,824,863,214,154,216,2110,662
SZ,000001,2019-06-19 09:39:33,13.1100,32,1147776.0000,875,S,13.1100,13.1000,13.0900,13.0800,13.0700,13.1200,13.1300,13.1400,13.1500,13.1600,176,1262,213,824,863,10,580,236,2211,662
SZ,000001,2019-06-19 09:39:36,13.1100,12,269472.0000,206,S,13.1000,13.0900,13.0800,13.0700,13.0600,13.1100,13.1200,13.1300,13.1400,13.1500,1247,213,820,863,5272,749,96,580,577,2222
SZ,000001,2019-06-19 09:39:39,13.1200,29,267392.0000,204,B,13.1100,13.1000,13.0900,13.0800,13.0700,13.1200,13.1300,13.1400,13.1500,13.1600,14,1179,213,820,873,97,1135,596,2222,667
SZ,000001,2019-06-19 09:39:42,13.1100,4,237152.0000,181,S,13.1000,13.0900,13.0800,13.0700,13.0600,13.1100,13.1200,13.1300,13.1400,13.1500,1238,204,820,873,5272,81,178,1145,563,2232
SZ,000001,2019-06-19 09:39:45,13.1100,21,602592.0000,460,B,13.1100,13.1000,13.0900,13.0800,13.0700,13.1200,13.1300,13.1400,13.1500,13.1600,416,1238,212,820,879,322,1150,573,2106,690
SZ,000001,2019-06-19 09:39:48,13.1200,23,797088.0000,608,B,13.1000,13.0900,13.0800,13.0700,13.0600,13.1100,13.1200,13.1300,13.1400,13.1500,1166,204,723,879,5272,1,305,1160,588,2106
SZ,000001,2019-06-19 09:39:51,13.1000,15,328960.0000,251,S,13.1000,13.0900,13.0800,13.0700,13.0600,13.1100,13.1200,13.1300,13.1400,13.1500,1073,210,723,879,5272,7,364,1260,921,2126
SZ,000001,2019-06-19 09:39:54,13.1100,31,846080.0000,645,B,13.1100,13.1000,13.0900,13.0800,13.0700,13.1200,13.1300,13.1400,13.1500,13.1600,13,973,200,733,879,55,1154,2321,1936,692
SZ,000001,2019-06-19 09:39:57,13.1000,17,210944.0000,161,S,13.1000,13.0900,13.0800,13.0700,13.0600,13.1100,13.1200,13.1300,13.1400,13.1500,851,194,733,879,5272,108,252,1318,2271,1936
SZ,000001,2019-06-19 09:40:00,13.1100,31,1223520.0000,934,B,13.0900,13.0800,13.0700,13.0600,13.0500,13.1100,13.1200,13.1300,13.1400,13.1500,213,737,1092,5272,6742,295,386,1327,2271,1936
SZ,000001,2019-06-19 09:40:03,13.1000,4,52384.0000,40,S,13.0900,13.0800,13.0700,13.0600,13.0500,13.1000,13.1100,13.1200,13.1300,13.1400,199,743,1092,5272,6742,70,300,396,1163,2271
SZ,000001,2019-06-19 09:40:06,13.1100,17,275232.0000,210,B,13.1000,13.0900,13.0800,13.0700,13.0600,13.1100,13.1200,13.1300,13.1400,13.1500,4,201,743,1092,5272,212,428,1183,2271,1956
SZ,000001,2019-06-19 09:40:09,13.1000,35,632992.0000,483,S,13.1000,13.0900,13.0800,13.0700,13.0600,13.1100,13.1200,13.1300,13.1400,13.1500,184,604,1007,1102,5272,10,418,1183,2271,1956
SZ,000001,2019-06-19 09:40:12,13.1100,30,957792.0000,731,B,13.1100,13.1000,13.0900,13.0800,13.0700,13.1200,13.1300,13.1400,13.1500,13.1600,800,72,433,1007,1102,330,1183,2271,1960,703
SZ,000001,2019-06-19 09:40:15,13.1000,16,1235040.0000,942,S,13.1000,13.0900,13.0800,13.0700,13.0600,13.1100,13.1200,13.1300,13.1400,13.1500,94,411,1027,1102,5272,1,237,1183,2271,1978
SZ,000001,2019-06-19 09:40:18,13.1000,9,299904.0000,229,S,13.0900,13.0800,13.0700,13.0600,13.0500,13.1000,13.1100,13.1200,13.1300,13.1400,320,1040,1183,5252,6742,3,109,618,1213,2271
SZ,000001,2019-06-19 09:40:21,13.1000,7,273792.0000,209,B,13.1000,13.0900,13.0800,13.0700,13.0600,13.1100,13.1200,13.1300,13.1400,13.1500,829,538,1084,1183,5254,113,738,1213,2271,1977
SZ,000001,2019-06-19 09:40:24,13.1000,32,685856.0000,523,S,13.1100,13.1000,13.0900,13.0800,13.0700,13.1200,13.1300,13.1400,13.1500,13.1600,16,828,556,806,1183,488,1214,2271,1989,709
SZ,000001,2019-06-19 09:40:27,13.1100,10,327744.0000,250,S,13.1000,13.0900,13.0800,13.0700,13.0600,13.1100,13.1200,13.1300,13.1400,13.1500,910,556,806,1183,5257,1851,483,1224,2271,1974
SZ,000001,2019-06-19 09:40:30,13.1100,14,601472.0000,459,B,13.1000,13.0900,13.0800,13.0700,13.0600,13.1100,13.1200,13.1300,13.1400,13.1500,655,568,816,1163,5257,1682,550,1224,2261,1977
SZ,000001,2019-06-19 09:40:33,13.0900,39,2027040.0000,1548,B,13.0800,13.0700,13.0600,13.0500,13.0400,13.0900,13.1100,13.1200,13.1300,13.1400,816,1163,5257,7782,89,1312,1702,888,1226,2261
SZ,000001,2019-06-19 09:40:36,13.0800,7,111264.0000,85,S,13.0800,13.0700,13.0600,13.0500,13.0400,13.0900,13.1000,13.1100,13.1200,13.1300,819,1163,5258,7782,89,1240,61,1773,902,1236
SZ,000001,2019-06-19 09:40:39,13.0900,4,94240.0000,72,B,13.0800,13.0700,13.0600,13.0500,13.0400,13.0900,13.1000,13.1100,13.1200,13.1300,823,1161,5258,7782,89,1173,98,1782,905,1249
SZ,000001,2019-06-19 09:40:42,13.0800,10,138720.0000,106,S,13.0800,13.0700,13.0600,13.0500,13.0400,13.0900,13.1000,13.1100,13.1200,13.1300,808,1161,5268,7782,99,1198,155,1908,905,1225
SZ,000001,2019-06-19 09:40:45,13.0800,13,417440.0000,319,S,13.0800,13.0700,13.0600,13.0500,13.0400,13.0900,13.1000,13.1100,13.1200,13.1300,845,1171,5288,7782,99,1034,238,1930,898,1225
SZ,000001,2019-06-19 09:40:48,13.0700,44,1477920.0000,1130,S,13.0700,13.0600,13.0500,13.0400,13.0300,13.0800,13.0900,13.1000,13.1100,13.1200,982,5288,7782,99,127,12,955,258,1935,894
SZ,000001,2019-06-19 09:40:51,13.0900,25,219776.0000,168,B,13.0700,13.0600,13.0500,13.0400,13.0300,13.0800,13.0900,13.1000,13.1100,13.1200,1019,5275,7776,99,127,1,942,288,1935,894
SZ,000001,2019-06-19 09:40:54,13.0700,19,460160.0000,352,S,13.0700,13.0600,13.0500,13.0400,13.0300,13.0800,13.0900,13.1000,13.1100,13.1200,807,5275,7776,99,127,576,844,328,1940,894
SZ,000001,2019-06-19 09:40:57,13.0800,21,667008.0000,510,B,13.0700,13.0600,13.0500,13.0400,13.0300,13.0800,13.0900,13.1000,13.1100,13.1200,1182,5279,7779,99,127,215,854,668,1947,894
SZ,000001,2019-06-19 09:41:00,13.0800,17,1091264.0000,834,B,13.0800,13.0700,13.0600,13.0500,13.0400,13.0900,13.1000,13.1100,13.1200,13.1300,280,1215,5329,7779,99,473,668,1942,894,775
SZ,000001,2019-06-19 09:41:03,13.0800,26,549344.0000,420,S,13.0800,13.0700,13.0600,13.0500,13.0400,13.0900,13.1000,13.1100,13.1200,13.1300,94,1558,5322,7779,99,427,895,1942,895,775
SZ,000001,2019-06-19 09:41:06,13.0900,16,277440.0000,212,B,13.0800,13.0700,13.0600,13.0500,13.0400,13.0900,13.1000,13.1100,13.1200,13.1300,130,1568,5322,7779,85,576,900,1942,895,780
SZ,000001,2019-06-19 09:41:09,13.0900,37,798144.0000,610,B,13.0800,13.0700,13.0600,13.0500,13.0400,13.0900,13.1000,13.1100,13.1200,13.1300,46,1578,5322,7779,85,325,900,1942,895,951
SZ,000001,2019-06-19 09:41:12,13.0800,32,720864.0000,550,S,13.0800,13.0700,13.0600,13.0500,13.0400,13.1000,13.1100,13.1200,13.1300,13.1400,41,1603,5322,7779,85,900,1944,895,951,1555
SZ,000001,2019-06-19 09:41:15,13.1000,34,405984.0000,311,B,13.0800,13.0700,13.0600,13.0500,13.0400,13.1000,13.1100,13.1200,13.1300,13.1400,274,1605,5323,7779,85,890,1933,895,926,1555
SZ,000001,2019-06-19 09:41:18,13.1000,42,1542816.0000,1179,B,13.0700,13.0600,13.0500,13.0400,13.0300,13.0800,13.0900,13.1000,13.1100,13.1200,1605,5323,7779,85,127,10,4,1996,1977,895
SZ,000001,2019-06-19 09:41:21,13.0800,38,3073024.0000,2346,B,13.0800,13.0700,13.0600,13.0500,13.0400,13.1000,13.1100,13.1200,13.1300,13.1400,730,1667,5341,7779,85,298,1977,910,927,1555
SZ,000001,2019-06-19 09:41:24,13.0800,17,349696.0000,267,S,13.0800,13.0700,13.0600,13.0500,13.0400,13.0900,13.1000,13.1100,13.1200,13.1300,556,1677,5333,7779,85,200,110,2055,915,927
SZ,000001,2019-06-19 09:41:27,13.0900,34,962656.0000,735,B,13.0900,13.0800,13.0700,13.0600,13.0500,13.1100,13.1200,13.1300,13.1400,13.1500,133,337,1682,5333,7779,1838,915,927,1555,2060
SZ,000001,2019-06-19 09:41:30,13.0800,51,1042464.0000,797,S,13.0800,13.0700,13.0600,13.0500,13.0400,13.1000,13.1100,13.1200,13.1300,13.1400,474,967,5333,7779,95,68,1795,915,932,1555
SZ,000001,2019-06-19 09:41:33,13.1000,23,366528.0000,280,B,13.1000,13.0800,13.0700,13.0600,13.0500,13.1100,13.1200,13.1300,13.1400,13.1500,19,210,1135,5333,7779,1773,945,932,1555,2060
SZ,000001,2019-06-19 09:41:36,13.1100,11,230560.0000,176,B,13.0900,13.0800,13.0700,13.0600,13.0500,13.1000,13.1100,13.1200,13.1300,13.1400,40,157,1229,5336,7779,15,1676,945,932,1555
SZ,000001,2019-06-19 09:41:39,13.1000,11,284288.0000,217,B,13.0900,13.0800,13.0700,13.0600,13.0500,13.1000,13.1100,13.1200,13.1300,13.1400,6,183,1229,5336,7779,24,1641,915,932,1755
SZ,000001,2019-06-19 09:41:42,13.0800,22,1604896.0000,1226,S,13.0800,13.0700,13.0600,13.0500,13.0400,13.1000,13.1100,13.1200,13.1300,13.1400,622,1229,5341,7779,95,44,1641,915,762,1755
SZ,000001,2019-06-19 09:41:45,13.1000,14,208288.0000,159,B,13.1000,13.0800,13.0700,13.0600,13.0500,13.1100,13.1200,13.1300,13.1400,13.1500,17,632,1330,5341,7779,1645,915,764,1772,2065
SZ,000001,2019-06-19 09:41:48,13.1000,14,428352.0000,327,S,13.1000,13.0900,13.0800,13.0700,13.0600,13.1100,13.1200,13.1300,13.1400,13.1500,44,195,1912,1323,5341,1573,915,764,1772,2057
SZ,000001,2019-06-19 09:41:51,13.0900,18,275104.0000,210,S,13.0900,13.0800,13.0700,13.0600,13.0500,13.1000,13.1100,13.1200,13.1300,13.1400,106,2001,1323,5336,7799,45,1628,915,766,1772
SZ,000001,2019-06-19 09:41:54,13.1000,20,462592.0000,353,B,13.1000,13.0900,13.0800,13.0700,13.0600,13.1100,13.1200,13.1300,13.1400,13.1500,12,560,2183,1323,5336,1432,940,767,1752,2026
SZ,000001,2019-06-19 09:41:57,13.0900,11,117888.0000,90,S,13.0900,13.0800,13.0700,13.0600,13.0500,13.1000,13.1100,13.1200,13.1300,13.1400,556,2232,1172,5336,7825,31,1432,941,772,1752
SZ,000001,2019-06-19 09:42:00,13.1000,17,520352.0000,397,B,13.1000,13.0900,13.0800,13.0700,13.0600,13.1100,13.1200,13.1300,13.1400,13.1500,717,556,2270,1174,5336,1308,941,774,1752,2026
SZ,000001,2019-06-19 09:42:03,13.1000,17,359040.0000,274,S,13.1000,13.0900,13.0800,13.0700,13.0600,13.1100,13.1200,13.1300,13.1400,13.1500,1067,576,2270,1174,5336,1262,941,773,1752,2028
SZ,000001,2019-06-19 09:42:06,13.1100,10,315808.0000,241,B,13.1000,13.0900,13.0800,13.0700,13.0600,13.1100,13.1200,13.1300,13.1400,13.1500,962,621,2470,1179,5336,1178,981,773,1752,2079
SZ,000001,2019-06-19 09:42:09,13.1000,9,359168.0000,274,S,13.1000,13.0900,13.0800,13.0700,13.0600,13.1100,13.1200,13.1300,13.1400,13.1500,973,621,2491,1179,5336,953,981,776,1752,2079
SZ,000001,2019-06-19 09:42:12,13.1100,10,324928.0000,248,B,13.1000,13.0900,13.0800,13.0700,13.0600,13.1100,13.1200,13.1300,13.1400,13.1500,818,621,2492,1184,5336,1066,981,770,1752,2079
SZ,000001,2019-06-19 09:42:15,13.1000,8,442784.0000,338,S,13.1000,13.0900,13.0800,13.0700,13.0600,13.1100,13.1200,13.1300,13.1400,13.1500,519,623,2492,1184,5336,1049,981,790,1752,2106
SZ,000001,2019-06-19 09:42:18,13.1100,7,125760.0000,96,B,13.1000,13.0900,13.0800,13.0700,13.0600,13.1100,13.1200,13.1300,13.1400,13.1500,445,623,2497,3299,5336,1036,984,790,1753,2124
SZ,000001,2019-06-19 09:42:21,13.1100,7,145440.0000,111,B,13.1000,13.0900,13.0800,13.0700,13.0600,13.1100,13.1200,13.1300,13.1400,13.1500,369,661,2500,3239,5336,1015,984,791,1753,2124
SZ,000001,2019-06-19 09:42:24,13.1100,21,535936.0000,409,B,13.1000,13.0900,13.0800,13.0700,13.0600,13.1100,13.1200,13.1300,13.1400,13.1500,116,731,2500,3239,5338,872,990,791,1803,2124
SZ,000001,2019-06-19 09:42:27,13.1000,15,172928.0000,132,S,13.0900,13.0800,13.0700,13.0600,13.0500,13.1000,13.1100,13.1200,13.1300,13.1400,731,2500,3183,5338,7958,233,869,1003,785,1808
SZ,000001,2019-06-19 09:42:30,13.1000,13,429664.0000,328,B,13.0900,13.0800,13.0700,13.0600,13.0500,13.1000,13.1100,13.1200,13.1300,13.1400,736,2508,3183,5338,7958,2,855,1002,790,1808
SZ,000001,2019-06-19 09:42:33,13.1000,12,216192.0000,165,B,13.1000,13.0900,13.0800,13.0700,13.0600,13.1100,13.1200,13.1300,13.1400,13.1500,856,736,2499,3183,5338,757,1002,1053,1808,2225
SZ,000001,2019-06-19 09:42:36,13.1000,17,217568.0000,166,S,13.1000,13.0900,13.0800,13.0700,13.0600,13.1100,13.1200,13.1300,13.1400,13.1500,821,761,2491,3183,5338,647,997,1053,1808,2322
SZ,000001,2019-06-19 09:42:39,13.1000,14,280480.0000,214,S,13.1000,13.0900,13.0800,13.0700,13.0600,13.1100,13.1200,13.1300,13.1400,13.1500,790,749,2491,3183,5338,499,997,1083,1808,2339
SZ,000001,2019-06-19 09:42:42,13.1100,6,102208.0000,78,B,13.1000,13.0900,13.0800,13.0700,13.0600,13.1100,13.1200,13.1300,13.1400,13.1500,833,749,2491,3183,5338,456,997,1088,1808,2339
SZ,000001,2019-06-19 09:42:45,13.1100,27,773184.0000,589,B,13.1100,13.1000,13.0900,13.0800,13.0700,13.1200,13.1300,13.1400,13.1500,13.1600,291,827,759,2471,3183,1005,1090,1808,2340,394
SZ,000001,2019-06-19 09:42:48,13.1200,8,120640.0000,92,B,13.1100,13.1000,13.0900,13.0800,13.0700,13.1200,13.1300,13.1400,13.1500,13.1600,235,835,751,2476,1034,1013,1110,1808,2340,394
SZ,000001,2019-06-19 09:42:51,13.1200,8,234720.0000,179,B,13.1100,13.1000,13.0900,13.0800,13.0700,13.1200,13.1300,13.1400,13.1500,13.1600,143,836,751,2476,1034,1002,1110,1808,2330,394
SZ,000001,2019-06-19 09:42:54,13.1100,8,322656.0000,246,S,13.1100,13.1000,13.0900,13.0800,13.0700,13.1200,13.1300,13.1400,13.1500,13.1600,73,947,768,2476,1494,843,1110,1810,2330,394
SZ,000001,2019-06-19 09:42:57,13.1200,30,587584.0000,448,B,13.1100,13.1000,13.0900,13.0800,13.0700,13.1200,13.1300,13.1400,13.1500,13.1600,510,972,764,2481,1494,895,1110,1791,2330,397
SZ,000001,2019-06-19 09:43:00,13.1100,17,596736.0000,455,S,13.1100,13.1000,13.0900,13.0800,13.0700,13.1200,13.1300,13.1400,13.1500,13.1600,322,972,764,2484,1495,770,1110,1791,2330,397
SZ,000001,2019-06-19 09:43:03,13.1100,33,750304.0000,572,S,13.1100,13.1000,13.0900,13.0800,13.0700,13.1200,13.1300,13.1400,13.1500,13.1600,1066,952,764,2488,1495,347,1110,1791,2330,397
SZ,000001,2019-06-19 09:43:06,13.1200,9,154816.0000,118,B,13.1100,13.1000,13.0900,13.0800,13.0700,13.1200,13.1300,13.1400,13.1500,13.1600,1164,962,816,2488,1495,269,1110,1791,2310,397
SZ,000001,2019-06-19 09:43:09,13.1000,39,2958432.0000,2257,S,13.1000,13.0900,13.0800,13.0700,13.0600,13.1100,13.1300,13.1400,13.1500,13.1600,167,765,2488,1495,5353,1,1207,1796,2310,397
SZ,000001,2019-06-19 09:43:12,13.1100,11,163904.0000,125,B,13.1000,13.0900,13.0800,13.0700,13.0600,13.1100,13.1200,13.1300,13.1400,13.1500,155,804,2488,1500,5353,35,20,1207,1796,2331
SZ,000001,2019-06-19 09:43:15,13.1100,8,79968.0000,61,B,13.1000,13.0900,13.0800,13.0700,13.0600,13.1100,13.1200,13.1300,13.1400,13.1500,164,802,2488,1500,5353,24,576,1202,1796,2331
SZ,000001,2019-06-19 09:43:18,13.1100,9,68192.0000,52,B,13.1000,13.0900,13.0800,13.0700,13.0600,13.1100,13.1200,13.1300,13.1400,13.1500,219,804,2488,1510,5353,52,630,1230,1796,2395
SZ,000001,2019-06-19 09:43:21,13.1100,13,308096.0000,235,B,13.1100,13.1000,13.0900,13.0800,13.0700,13.1200,13.1300,13.1400,13.1500,13.1600,1718,320,804,2498,1508,628,1230,1816,2389,400
SZ,000001,2019-06-19 09:43:24,13.1100,6,56384.0000,43,S,13.1100,13.1000,13.0900,13.0800,13.0700,13.1200,13.1300,13.1400,13.1500,13.1600,1733,335,808,2498,1568,716,1680,1816,2389,400
SZ,000001,2019-06-19 09:43:27,13.1200,40,1841504.0000,1404,B,13.1200,13.1100,13.1000,13.0900,13.0800,13.1300,13.1400,13.1500,13.1600,13.1700,233,1689,324,839,2498,1710,1816,2400,400,368
SZ,000001,2019-06-19 09:43:30,13.1100,35,1131648.0000,863,S,13.1100,13.1000,13.0900,13.0800,13.0700,13.1200,13.1300,13.1400,13.1500,13.1600,1087,333,839,2498,1573,157,1811,1816,2398,400
SZ,000001,2019-06-19 09:43:33,13.1200,50,1947328.0000,1485,B,13.1100,13.1000,13.0900,13.0800,13.0700,13.1200,13.1300,13.1400,13.1500,13.1600,461,374,839,2502,1573,13,1670,1816,2398,400
SZ,000001,2019-06-19 09:43:36,13.1100,16,398560.0000,304,S,13.1100,13.1000,13.0900,13.0800,13.0700,13.1200,13.1300,13.1400,13.1500,13.1600,639,382,839,2502,1573,112,1579,1816,2398,400
SZ,000001,2019-06-19 09:43:39,13.1000,47,1373600.0000,1048,S,13.1000,13.0900,13.0800,13.0700,13.0600,13.1100,13.1200,13.1300,13.1400,13.1500,18,839,2502,1573,5364,6,189,1628,1816,2398
SZ,000001,2019-06-19 09:43:42,13.0900,10,218624.0000,167,S,13.0900,13.0800,13.0700,13.0600,13.0500,13.1000,13.1100,13.1200,13.1300,13.1400,702,2512,1583,5364,8043,140,290,110,1628,1816
SZ,000001,2019-06-19 09:43:45,13.0900,24,618208.0000,472,S,13.0900,13.0800,13.0700,13.0600,13.0500,13.1100,13.1200,13.1300,13.1400,13.1500,546,2519,1583,5364,8043,315,111,1636,1816,2420
SZ,000001,2019-06-19 09:43:48,13.0900,30,519904.0000,397,S,13.0900,13.0800,13.0700,13.0600,13.0500,13.1000,13.1100,13.1200,13.1300,13.1400,264,2519,1583,5364,8043,11,208,147,1636,1846
SZ,000001,2019-06-19 09:43:51,13.0900,55,1303232.0000,996,S,13.1000,13.0900,13.0800,13.0700,13.0600,13.1100,13.1200,13.1300,13.1400,13.1500,8,2,2271,1583,5364,1,182,1636,1846,2450
SZ,000001,2019-06-19 09:43:54,13.0900,24,459232.0000,351,S,13.0800,13.0700,13.0600,13.0500,13.0400,13.0900,13.1100,13.1200,13.1300,13.1400,2025,1583,5364,8043,100,45,92,192,1639,1846
SZ,000001,2019-06-19 09:43:57,13.0900,32,641504.0000,490,B,13.0900,13.0800,13.0700,13.0600,13.0500,13.1000,13.1100,13.1200,13.1300,13.1400,10,2084,1582,5364,8043,19,20,167,1639,1846
SZ,000001,2019-06-19 09:44:00,13.0900,26,404608.0000,309,S,13.0900,13.0800,13.0700,13.0600,13.0500,13.1000,13.1100,13.1200,13.1300,13.1400,197,2037,1573,5364,8043,30,120,361,1639,1846
SZ,000001,2019-06-19 09:44:03,13.0900,23,670848.0000,512,S,13.0900,13.0800,13.0700,13.0600,13.0500,13.1200,13.1300,13.1400,13.1500,13.1600,593,2037,1573,5364,8040,278,1638,1854,2465,443
SZ,000001,2019-06-19 09:44:06,13.0900,9,66752.0000,51,S,13.0900,13.0800,13.0700,13.0600,13.0500,13.1000,13.1100,13.1200,13.1300,13.1400,606,2061,1573,5364,8040,195,27,202,1635,1854
SZ,000001,2019-06-19 09:44:09,13.1000,9,449216.0000,343,B,13.1000,13.0900,13.0800,13.0700,13.0600,13.1100,13.1200,13.1300,13.1400,13.1500,1821,474,2101,1573,5387,37,1222,1635,1854,2467
SZ,000001,2019-06-19 09:44:12,13.1100,9,213536.0000,163,B,13.1000,13.0900,13.0800,13.0700,13.0600,13.1100,13.1200,13.1300,13.1400,13.1500,1706,482,2081,1568,5396,120,1147,1635,1854,2467
SZ,000001,2019-06-19 09:44:15,13.1100,18,463808.0000,354,B,13.1000,13.0900,13.0800,13.0700,13.0600,13.1100,13.1200,13.1300,13.1400,13.1500,1513,474,2081,1568,5434,148,1163,1635,1849,2467
SZ,000001,2019-06-19 09:44:18,13.1000,18,3259360.0000,2488,S,13.0900,13.0800,13.0700,13.0600,13.0500,13.1000,13.1100,13.1200,13.1300,13.1400,462,2081,1568,5440,8048,372,42,1163,1635,1849
SZ,000001,2019-06-19 09:44:21,13.0900,15,153248.0000,117,S,13.0900,13.0800,13.0700,13.0600,13.0500,13.1000,13.1100,13.1200,13.1300,13.1400,558,2103,1568,5440,7998,303,77,1202,1655,1854
SZ,000001,2019-06-19 09:44:24,13.0900,7,212096.0000,162,S,13.0900,13.0800,13.0700,13.0600,13.0500,13.1000,13.1100,13.1200,13.1300,13.1400,469,2103,1568,5440,8002,339,523,1203,1655,1854
SZ,000001,2019-06-19 09:44:27,13.0900,13,278976.0000,213,S,13.0900,13.0800,13.0700,13.0600,13.0500,13.1000,13.1100,13.1200,13.1300,13.1400,459,1930,1568,5440,8002,194,7641,1203,1655,1858
SZ,000001,2019-06-19 09:44:30,13.1000,19,481920.0000,368,B,13.1000,13.0900,13.0800,13.0700,13.0600,13.1100,13.1200,13.1300,13.1400,13.1500,210,369,1900,1568,5432,7661,1209,1655,1859,2470
SZ,000001,2019-06-19 09:44:33,13.0900,37,754208.0000,576,S,13.0900,13.0800,13.0700,13.0600,13.0500,13.1000,13.1100,13.1200,13.1300,13.1400,54,1888,1568,5432,8002,77,12670,1191,1655,1859
SZ,000001,2019-06-19 09:44:36,13.0900,23,695072.0000,531,S,13.0900,13.0800,13.0700,13.0600,13.0500,13.1000,13.1100,13.1200,13.1300,13.1400,3,1866,1568,5432,8002,37,12835,1192,1665,1859
SZ,000001,2019-06-19 09:44:39,13.1000,24,1964672.0000,1500,B,13.0900,13.0800,13.0700,13.0600,13.0500,13.1000,13.1100,13.1200,13.1300,13.1400,19,1699,1568,5452,8002,105,12834,1197,1665,1859
SZ,000001,2019-06-19 09:44:42,13.0800,22,408448.0000,312,S,13.0800,13.0700,13.0600,13.0500,13.0400,13.0900,13.1000,13.1100,13.1200,13.1300,1585,1568,5452,8002,100,29,100,12670,1172,1672
SZ,000001,2019-06-19 09:44:45,13.0900,25,804736.0000,615,B,13.0900,13.0800,13.0700,13.0600,13.0500,13.1000,13.1100,13.1200,13.1300,13.1400,11,1291,1618,5452,8002,351,12660,1172,1672,1859
SZ,000001,2019-06-19 09:44:48,13.0900,16,497152.0000,380,S,13.0800,13.0700,13.0600,13.0500,13.0400,13.0900,13.1000,13.1100,13.1200,13.1300,1118,1609,5452,8002,100,501,532,12662,1182,1672
SZ,000001,2019-06-19 09:44:51,13.1000,33,1816288.0000,1388,B,13.0900,13.0800,13.0700,13.0600,13.0500,13.1000,13.1100,13.1200,13.1300,13.1400,1778,479,1575,5455,8002,428,12642,1233,1672,1859
SZ,000001,2019-06-19 09:44:54,13.0900,15,586464.0000,448,S,13.0900,13.0800,13.0700,13.0600,13.0500,13.1000,13.1100,13.1200,13.1300,13.1400,1400,454,1540,5475,8002,515,12857,1233,1672,1526
SZ,000001,2019-06-19 09:44:57,13.0900,13,1445248.0000,1104,S,13.0900,13.0800,13.0700,13.0600,13.0500,13.1000,13.1100,13.1200,13.1300,13.1400,420,444,1540,5475,8002,436,12867,1228,1672,1526
SZ,000001,2019-06-19 09:45:00,13.0900,43,946176.0000,723,S,13.0900,13.0800,13.0700,13.0600,13.0500,13.1000,13.1100,13.1200,13.1300,13.1400,15,209,1421,5481,8026,617,12867,1243,1677,1526
SZ,000001,2019-06-19 09:45:03,13.0900,22,687840.0000,526,S,13.0700,13.0600,13.0500,13.0400,13.0300,13.0900,13.1000,13.1100,13.1200,13.1300,1187,5481,8026,130,201,146,624,5809,1243,1667
SZ,000001,2019-06-19 09:45:06,13.1000,31,794336.0000,607,B,13.0800,13.0700,13.0600,13.0500,13.0400,13.1000,13.1100,13.1200,13.1300,13.1400,89,1000,5493,8026,130,495,5839,1243,1667,1526
SZ,000001,2019-06-19 09:45:09,13.1000,10,82432.0000,63,B,13.0800,13.0700,13.0600,13.0500,13.0400,13.0900,13.1000,13.1100,13.1200,13.1300,63,1007,5481,8026,130,12,582,5737,1374,1657
SZ,000001,2019-06-19 09:45:12,13.0800,29,548768.0000,419,S,13.0700,13.0600,13.0500,13.0400,13.0300,13.0800,13.1000,13.1100,13.1200,13.1300,1007,5481,8026,130,201,12,418,5737,1374,1657
SZ,000001,2019-06-19 09:45:15,13.0700,7,115136.0000,88,S,13.0800,13.0700,13.0600,13.0500,13.0400,13.0900,13.1000,13.1100,13.1200,13.1300,27,1000,5489,8026,130,27,428,5792,1394,1657
SZ,000001,2019-06-19 09:45:18,13.0800,7,87616.0000,67,S,13.0700,13.0600,13.0500,13.0400,13.0300,13.0800,13.0900,13.1000,13.1100,13.1200,1014,5492,8026,130,201,116,134,429,5790,1399
SZ,000001,2019-06-19 09:45:21,13.0800,12,277248.0000,212,B,13.0700,13.0600,13.0500,13.0400,13.0300,13.0800,13.0900,13.1000,13.1100,13.1200,961,5499,8026,130,201,136,249,566,5791,1399
SZ,000001,2019-06-19 09:45:24,13.0700,10,311104.0000,238,S,13.0700,13.0600,13.0500,13.0400,13.0300,13.0800,13.0900,13.1000,13.1100,13.1200,778,5509,8029,130,201,7183,449,684,5791,1401
SZ,000001,2019-06-19 09:45:27,13.0700,66,2903648.0000,2222,S,13.0700,13.0600,13.0500,13.0400,13.0300,13.0800,13.0900,13.1000,13.1100,13.1200,138,4568,8029,130,201,6860,447,919,5791,1403
SZ,000001,2019-06-19 09:45:30,13.0700,14,734304.0000,562,S,13.0600,13.0500,13.0400,13.0300,13.0200,13.0700,13.0800,13.0900,13.1000,13.1100,4311,8029,130,401,384,468,6972,347,944,5791
SZ,000001,2019-06-19 09:45:33,13.0500,71,11676288.0000,8939,S,13.0500,13.0400,13.0300,13.0200,13.0100,13.0700,13.0800,13.0900,13.1000,13.1100,5750,130,401,384,2224,11,4991,347,1023,5767
SZ,000001,2019-06-19 09:45:36,13.0600,10,463648.0000,355,B,13.0500,13.0400,13.0300,13.0200,13.0100,13.0600,13.0700,13.0800,13.0900,13.1000,5745,130,401,384,2224,51,51,4993,347,1087
SZ,000001,2019-06-19 09:45:39,13.0500,13,622560.0000,477,S,13.0500,13.0400,13.0300,13.0200,13.0100,13.0600,13.0700,13.0800,13.0900,13.1000,5392,130,401,384,2224,433,305,4963,347,1088
SZ,000001,2019-06-19 09:45:42,13.0500,31,2319616.0000,1777,S,13.0500,13.0400,13.0300,13.0200,13.0100,13.0600,13.0700,13.0800,13.0900,13.1000,4301,132,401,384,2224,476,444,4963,348,1255
SZ,000001,2019-06-19 09:45:45,13.0500,20,1213760.0000,930,S,13.0500,13.0400,13.0300,13.0200,13.0100,13.0600,13.0700,13.0800,13.0900,13.1000,3442,102,401,389,2224,638,436,4963,345,1269
SZ,000001,2019-06-19 09:45:48,13.0500,46,2401248.0000,1840,S,13.0500,13.0400,13.0300,13.0200,13.0100,13.0600,13.0700,13.0800,13.0900,13.1000,1673,102,401,389,2224,643,461,5005,345,1269
SZ,000001,2019-06-19 09:45:51,13.0500,29,1205824.0000,924,S,13.0500,13.0400,13.0300,13.0200,13.0100,13.0600,13.0700,13.0800,13.0900,13.1000,1050,102,401,389,2229,644,461,5005,345,1339
SZ,000001,2019-06-19 09:45:54,13.0500,59,1871488.0000,1434,S,13.0400,13.0300,13.0200,13.0100,13.0000,13.0500,13.0600,13.0700,13.0800,13.0900,29,401,399,2229,3099,6268,465,371,4995,345
SZ,000001,2019-06-19 09:45:57,13.0400,21,260704.0000,200,S,13.0300,13.0200,13.0100,13.0000,12.9900,13.0400,13.0500,13.0600,13.0700,13.0800,305,669,2229,3089,1656,33,7133,314,381,4899
SZ,000001,2019-06-19 09:46:00,13.0500,14,178656.0000,137,B,13.0300,13.0200,13.0100,13.0000,12.9900,13.0500,13.0600,13.0700,13.0800,13.0900,356,676,2378,3080,1626,985,326,198,4899,345
SZ,000001,2019-06-19 09:46:03,13.0300,4,132896.0000,102,S,13.0300,13.0200,13.0100,13.0000,12.9900,13.0400,13.0500,13.0600,13.0700,13.0800,265,676,2378,3031,1626,255,934,331,198,4899
SZ,000001,2019-06-19 09:46:06,13.0200,37,1329632.0000,1021,S,13.0100,13.0000,12.9900,12.9800,12.9700,13.0200,13.0300,13.0400,13.0500,13.0600,2378,3034,1626,221,621,1672,26,256,930,336
SZ,000001,2019-06-19 09:46:09,13.0200,12,462208.0000,355,B,13.0100,13.0000,12.9900,12.9800,12.9700,13.0200,13.0300,13.0400,13.0500,13.0600,2406,3034,1626,221,631,1339,87,264,1567,336
SZ,000001,2019-06-19 09:46:12,13.0100,8,130112.0000,100,S,13.0100,13.0000,12.9900,12.9800,12.9700,13.0200,13.0300,13.0400,13.0500,13.0600,2324,3007,1676,221,631,1329,107,274,1572,281
SZ,000001,2019-06-19 09:46:15,13.0200,23,2265216.0000,1740,B,13.0200,13.0100,13.0000,12.9900,12.9800,13.0300,13.0400,13.0500,13.0600,13.0700,2515,2030,3019,1676,231,148,229,1542,282,218
SZ,000001,2019-06-19 09:46:18,13.0200,32,916768.0000,704,S,13.0200,13.0100,13.0000,12.9900,12.9800,13.0300,13.0400,13.0500,13.0600,13.0700,2123,2006,3019,1676,231,58,229,1522,277,218
SZ,000001,2019-06-19 09:46:21,13.0400,11,224160.0000,172,B,13.0300,13.0200,13.0100,13.0000,12.9900,13.0400,13.0500,13.0600,13.0700,13.0800,247,2209,2017,3276,1676,199,1517,277,218,4898
SZ,000001,2019-06-19 09:46:24,13.0400,24,618016.0000,474,B,13.0400,13.0300,13.0200,13.0100,13.0000,13.0500,13.0600,13.0700,13.0800,13.0900,24,301,2209,2017,3314,1516,277,218,4856,350
SZ,000001,2019-06-19 09:46:27,13.0300,17,255648.0000,196,S,13.0300,13.0200,13.0100,13.0000,12.9900,13.0500,13.0600,13.0700,13.0800,13.0900,466,2188,2020,3314,1676,1406,387,218,4856,350
SZ,000001,2019-06-19 09:46:30,13.0300,20,284096.0000,218,S,13.0300,13.0200,13.0100,13.0000,12.9900,13.0400,13.0500,13.0600,13.0700,13.0800,347,2197,2020,3314,1676,5,1406,387,218,105
SZ,000001,2019-06-19 09:46:33,13.0300,17,234528.0000,180,S,13.0300,13.0200,13.0100,13.0000,12.9900,13.0400,13.0500,13.0600,13.0700,13.0800,195,2237,2070,3297,1676,22,1402,387,218,110
SZ,000001,2019-06-19 09:46:36,13.0400,22,287968.0000,221,B,13.0300,13.0200,13.0100,13.0000,12.9900,13.0400,13.0500,13.0600,13.0700,13.0800,41,2242,2097,3301,1676,75,1432,388,218,112
SZ,000001,2019-06-19 09:46:39,13.0400,26,644160.0000,494,B,13.0300,13.0200,13.0100,13.0000,12.9900,13.0400,13.0500,13.0600,13.0700,13.0800,12,2213,2112,3313,1676,149,1224,388,199,130
SZ,000001,2019-06-19 09:46:42,13.0400,14,155104.0000,119,B,13.0200,13.0100,13.0000,12.9900,12.9800,13.0300,13.0400,13.0500,13.0600,13.0700,2209,2157,3373,1677,241,8,271,1103,388,187
SZ,000001,2019-06-19 09:46:45,13.0300,22,806560.0000,619,B,13.0300,13.0200,13.0100,13.0000,12.9900,13.0400,13.0500,13.0600,13.0700,13.0800,877,2242,2165,3463,1677,970,1186,383,167,132
SZ,000001,2019-06-19 09:46:48,13.0400,12,188960.0000,145,B,13.0300,13.0200,13.0100,13.0000,12.9900,13.0400,13.0500,13.0600,13.0700,13.0800,770,2259,2156,3466,1687,1092,1186,433,166,132
SZ,000001,2019-06-19 09:46:51,13.0400,13,207264.0000,159,B,13.0300,13.0200,13.0100,13.0000,12.9900,13.0400,13.0500,13.0600,13.0700,13.0800,730,2260,2151,3466,1687,1008,1186,433,216,132
SZ,000001,2019-06-19 09:46:54,13.0300,9,228064.0000,175,S,13.0300,13.0200,13.0100,13.0000,12.9900,13.0400,13.0500,13.0600,13.0700,13.0800,725,2285,2157,3466,1687,1021,1417,433,216,132
SZ,000001,2019-06-19 09:46:57,13.0400,14,311552.0000,239,B,13.0300,13.0200,13.0100,13.0000,12.9900,13.0400,13.0500,13.0600,13.0700,13.0800,640,2295,2157,3478,1687,5901,1423,435,272,132
SZ,000001,2019-06-19 09:47:00,13.0300,16,517376.0000,397,S,13.0300,13.0200,13.0100,13.0000,12.9900,13.0400,13.0500,13.0600,13.0700,13.0800,663,2345,2157,3478,1687,5914,1423,435,272,182
SZ,000001,2019-06-19 09:47:03,13.0400,30,523872.0000,402,B,13.0300,13.0200,13.0100,13.0000,12.9900,13.0400,13.0500,13.0600,13.0700,13.0800,433,2344,2157,3488,1687,5923,1433,435,272,182
SZ,000001,2019-06-19 09:47:06,13.0300,15,340416.0000,261,S,13.0300,13.0200,13.0100,13.0000,12.9900,13.0400,13.0500,13.0600,13.0700,13.0800,339,2346,2109,3510,1687,5774,1412,435,272,164
SZ,000001,2019-06-19 09:47:09,13.0400,14,475904.0000,365,B,13.0300,13.0200,13.0100,13.0000,12.9900,13.0400,13.0500,13.0600,13.0700,13.0800,280,2346,2109,3510,1687,5534,1424,435,272,164
SZ,000001,2019-06-19 09:47:12,13.0300,15,220256.0000,169,S,13.0300,13.0200,13.0100,13.0000,12.9900,13.0400,13.0500,13.0600,13.0700,13.0800,295,2346,2119,3510,1687,5505,1424,435,272,162
SZ,000001,2019-06-19 09:47:15,13.0400,36,548704.0000,421,B,13.0300,13.0200,13.0100,13.0000,12.9900,13.0400,13.0500,13.0600,13.0700,13.0800,150,2346,2119,3519,1687,5552,1424,435,252,462
SZ,000001,2019-06-19 09:47:18,13.0400,37,1550080.0000,1189,B,13.0300,13.0200,13.0100,13.0000,12.9900,13.0400,13.0500,13.0600,13.0700,13.0800,266,408,2119,3521,1697,4582,1424,435,252,472
SZ,000001,2019-06-19 09:47:21,13.0400,12,381920.0000,293,B,13.0300,13.0200,13.0100,13.0000,12.9900,13.0400,13.0500,13.0600,13.0700,13.0800,118,413,2107,3516,1737,4452,1434,435,252,472
SZ,000001,2019-06-19 09:47:24,13.0300,24,985024.0000,756,S,13.0200,13.0100,13.0000,12.9900,12.9800,13.0300,13.0400,13.0500,13.0600,13.0700,373,2107,3518,1737,258,19,4470,1454,435,252
SZ,000001,2019-06-19 09:47:27,13.0300,18,290560.0000,223,B,13.0200,13.0100,13.0000,12.9900,12.9800,13.0300,13.0400,13.0500,13.0600,13.0700,541,2123,3506,1743,258,356,4469,1456,435,252
SZ,000001,2019-06-19 09:47:30,13.0300,20,708736.0000,544,B,13.0200,13.0100,13.0000,12.9900,12.9800,13.0300,13.0400,13.0500,13.0600,13.0700,438,2188,3506,1743,278,57,4474,1456,435,252
SZ,000001,2019-06-19 09:47:33,13.0200,32,588992.0000,452,S,13.0200,13.0100,13.0000,12.9900,12.9800,13.0400,13.0500,13.0600,13.0700,13.0800,324,2188,3522,1743,280,4322,1476,435,252,472
SZ,000001,2019-06-19 09:47:36,13.0300,21,392192.0000,301,B,13.0200,13.0100,13.0000,12.9900,12.9800,13.0300,13.0400,13.0500,13.0600,13.0700,372,2224,3522,1743,280,2632,4351,2147,435,252
SZ,000001,2019-06-19 09:47:39,13.0200,20,1734016.0000,1331,S,13.0200,13.0100,13.0000,12.9900,12.9800,13.0300,13.0400,13.0500,13.0600,13.0700,274,2624,3522,1743,280,1563,4380,2149,435,252
SZ,000001,2019-06-19 09:47:42,13.0200,30,1079744.0000,829,S,13.0200,13.0100,13.0000,12.9900,12.9800,13.0300,13.0400,13.0500,13.0600,13.0700,2,2581,3536,1743,300,1125,4386,2149,489,252
SZ,000001,2019-06-19 09:47:45,13.0200,24,778656.0000,598,S,13.0100,13.0000,12.9900,12.9800,12.9700,13.0200,13.0300,13.0400,13.0500,13.0600,2525,3536,1743,300,644,4,1021,4386,2157,591
SZ,000001,2019-06-19 09:47:48,13.0200,22,395936.0000,304,B,13.0100,13.0000,12.9900,12.9800,12.9700,13.0200,13.0300,13.0400,13.0500,13.0600,2568,3542,1762,300,644,35,899,4386,2259,591
SZ,000001,2019-06-19 09:47:51,13.0100,18,1216736.0000,935,S,13.0100,13.0000,12.9900,12.9800,12.9700,13.0300,13.0400,13.0500,13.0600,13.0700,1833,3542,1762,300,644,774,4387,2259,691,252
SZ,000001,2019-06-19 09:47:54,13.0300,10,247488.0000,190,B,13.0100,13.0000,12.9900,12.9800,12.9700,13.0300,13.0400,13.0500,13.0600,13.0700,1862,3544,1762,300,644,2208,4387,2259,691,252
SZ,000001,2019-06-19 09:47:57,13.0200,8,229216.0000,176,S,13.0100,13.0000,12.9900,12.9800,12.9700,13.0200,13.0300,13.0400,13.0500,13.0600,2072,3554,1762,295,644,32,2567,4386,2259,691
SZ,000001,2019-06-19 09:48:00,13.0200,23,542880.0000,417,B,13.0200,13.0100,13.0000,12.9900,12.9800,13.0300,13.0400,13.0500,13.0600,13.0700,348,2046,3554,1762,315,2633,4386,2281,691,252
SZ,000001,2019-06-19 09:48:03,13.0200,11,179776.0000,138,S,13.0200,13.0100,13.0000,12.9900,12.9800,13.0300,13.0400,13.0500,13.0600,13.0700,393,2076,3618,1762,355,2547,4381,2282,691,252
SZ,000001,2019-06-19 09:48:06,13.0300,32,961216.0000,738,B,13.0200,13.0100,13.0000,12.9900,12.9800,13.0300,13.0400,13.0500,13.0600,13.0700,34,2084,3618,1762,355,2289,4352,2284,691,252
SZ,000001,2019-06-19 09:48:09,13.0200,22,147136.0000,113,S,13.0100,13.0000,12.9900,12.9800,12.9700,13.0200,13.0300,13.0400,13.0500,13.0600,2186,3589,1767,365,644,314,2320,4352,2294,691
SZ,000001,2019-06-19 09:48:12,13.0200,14,317568.0000,244,B,13.0100,13.0000,12.9900,12.9800,12.9700,13.0200,13.0300,13.0400,13.0500,13.0600,2175,3598,1767,370,644,215,2319,4372,2294,691
SZ,000001,2019-06-19 09:48:15,13.0300,28,778720.0000,598,B,13.0100,13.0000,12.9900,12.9800,12.9700,13.0300,13.0400,13.0500,13.0600,13.0700,2073,3598,1767,380,644,733,4372,2299,691,252
SZ,000001,2019-06-19 09:48:18,13.0200,9,88480.0000,68,S,13.0100,13.0000,12.9900,12.9800,12.9700,13.0300,13.0400,13.0500,13.0600,13.0700,2282,3601,1767,380,644,756,4372,2299,691,252
SZ,000001,2019-06-19 09:48:21,13.0300,10,571808.0000,439,B,13.0200,13.0100,13.0000,12.9900,12.9800,13.0300,13.0400,13.0500,13.0600,13.0700,338,2219,3601,1782,380,437,4368,2299,691,252
SZ,000001,2019-06-19 09:48:24,13.0300,40,1075040.0000,825,B,13.0300,13.0200,13.0100,13.0000,12.9900,13.0400,13.0500,13.0600,13.0700,13.0800,358,578,2129,3697,1782,4258,2299,690,252,177
SZ,000001,2019-06-19 09:48:27,13.0400,12,349312.0000,268,B,13.0300,13.0200,13.0100,13.0000,12.9900,13.0400,13.0500,13.0600,13.0700,13.0800,222,591,2108,3690,1782,4135,2299,690,252,177
SZ,000001,2019-06-19 09:48:30,13.0300,10,3370272.0000,2585,S,13.0300,13.0200,13.0100,13.0000,12.9900,13.0400,13.0500,13.0600,13.0700,13.0800,188,601,2108,3700,1782,2148,2301,690,352,190
SZ,000001,2019-06-19 09:48:33,13.0400,39,2990112.0000,2293,B,13.0400,13.0300,13.0200,13.0100,13.0000,13.0500,13.0600,13.0700,13.0800,13.0900,2892,60,852,2293,3700,2321,680,352,190,297
SZ,000001,2019-06-19 09:48:36,13.0500,38,1768256.0000,1355,B,13.0400,13.0300,13.0200,13.0100,13.0000,13.0500,13.0600,13.0700,13.0800,13.0900,2904,186,844,2301,3695,1009,680,352,190,297
SZ,000001,2019-06-19 09:48:39,13.0600,31,1425056.0000,1092,B,13.0500,13.0400,13.0300,13.0200,13.0100,13.0600,13.0700,13.0800,13.0900,13.1000,1165,2892,916,1192,2311,660,352,190,297,2126
SZ,000001,2019-06-19 09:48:42,13.0500,6,47008.0000,36,S,13.0500,13.0400,13.0300,13.0200,13.0100,13.0600,13.0700,13.0800,13.0900,13.1000,1174,2864,916,1225,2282,637,352,192,297,2126
SZ,000001,2019-06-19 09:48:45,13.0600,28,1065664.0000,816,B,13.0600,13.0500,13.0400,13.0300,13.0200,13.0700,13.0800,13.0900,13.1000,13.1100,66,1182,2864,916,1226,355,192,297,2126,5522
SZ,000001,2019-06-19 09:48:48,13.0600,7,103200.0000,79,S,13.0600,13.0500,13.0400,13.0300,13.0200,13.0700,13.0800,13.0900,13.1000,13.1100,99,1282,2864,916,1445,357,196,302,2126,5522
SZ,000001,2019-06-19 09:48:51,13.0600,17,438240.0000,335,S,13.0600,13.0500,13.0400,13.0300,13.0200,13.0700,13.0800,13.0900,13.1000,13.1100,997,1161,2870,916,1445,315,196,302,2126,5472
SZ,000001,2019-06-19 09:48:54,13.0700,6,30080.0000,23,B,13.0600,13.0500,13.0400,13.0300,13.0200,13.0700,13.0800,13.0900,13.1000,13.1100,1079,2248,2870,918,1455,293,203,302,2139,5419
SZ,000001,2019-06-19 09:48:57,13.0600,10,235232.0000,180,S,13.0600,13.0500,13.0400,13.0300,13.0200,13.0700,13.0800,13.0900,13.1000,13.1100,1502,3114,2870,866,1455,131,198,302,2109,5419
SZ,000001,2019-06-19 09:49:00,13.0700,13,286176.0000,219,B,13.0700,13.0600,13.0500,13.0400,13.0300,13.0800,13.0900,13.1000,13.1100,13.1200,632,1465,3470,2870,871,232,352,2073,5419,1500
SZ,000001,2019-06-19 09:49:03,13.0700,7,87584.0000,67,S,13.0700,13.0600,13.0500,13.0400,13.0300,13.0800,13.0900,13.1000,13.1100,13.1200,949,1500,3806,2871,876,232,352,2068,5416,1500
SZ,000001,2019-06-19 09:49:06,13.0800,8,57504.0000,44,B,13.0700,13.0600,13.0500,13.0400,13.0300,13.0800,13.0900,13.1000,13.1100,13.1200,866,1534,3806,2871,876,233,408,2218,5416,1500
SZ,000001,2019-06-19 09:49:09,13.0800,13,186944.0000,143,B,13.0700,13.0600,13.0500,13.0400,13.0300,13.0800,13.0900,13.1000,13.1100,13.1200,793,1755,3806,2871,876,210,408,2219,5416,1633
SZ,000001,2019-06-19 09:49:15,13.0800,22,353056.0000,270,B,13.0700,13.0600,13.0500,13.0400,13.0300,13.0800,13.0900,13.1000,13.1100,13.1200,712,1755,2909,2892,899,53,458,2274,5416,1633
SZ,000001,2019-06-19 09:49:18,13.0800,21,396256.0000,303,B,13.0800,13.0700,13.0600,13.0500,13.0400,13.0900,13.1000,13.1100,13.1200,13.1300,7,872,1709,2909,2892,483,2275,5426,1633,1492
SZ,000001,2019-06-19 09:49:21,13.0800,37,656320.0000,502,S,13.0700,13.0600,13.0500,13.0400,13.0300,13.0800,13.0900,13.1000,13.1100,13.1200,544,1690,2909,2892,899,3,978,2241,5426,1633
SZ,000001,2019-06-19 09:49:24,13.0600,34,1055904.0000,808,S,13.0600,13.0500,13.0400,13.0300,13.0200,13.0800,13.0900,13.1000,13.1100,13.1200,2495,2908,2892,898,1199,226,1979,2253,5426,1633
SZ,000001,2019-06-19 09:49:27,13.0900,26,1415296.0000,1083,B,13.0600,13.0500,13.0400,13.0300,13.0200,13.0900,13.1000,13.1100,13.1200,13.1300,1823,2969,2892,898,1199,2170,2225,5426,1717,1502
SZ,000001,2019-06-19 09:49:30,13.0800,25,1324416.0000,1014,S,13.0700,13.0600,13.0500,13.0400,13.0300,13.0800,13.0900,13.1000,13.1100,13.1200,10,899,3063,2892,911,15,2147,2224,5426,1747
SZ,000001,2019-06-19 09:49:33,13.0700,17,865952.0000,663,S,13.0600,13.0500,13.0400,13.0300,13.0200,13.0700,13.0800,13.0900,13.1000,13.1100,276,3056,2892,911,1207,344,61,2149,2274,5418
SZ,000001,2019-06-19 09:49:36,13.0800,39,1772480.0000,1357,S,13.0800,13.0600,13.0500,13.0400,13.0300,13.0900,13.1000,13.1100,13.1200,13.1300,250,241,2470,2892,911,2113,2226,5418,1803,1502
SZ,000001,2019-06-19 09:49:39,13.0600,25,1033280.0000,791,S,13.0500,13.0400,13.0300,13.0200,13.0100,13.0600,13.0700,13.0800,13.0900,13.1000,2197,2892,912,1218,2182,3,210,1202,2161,2226
SZ,000001,2019-06-19 09:49:42,13.0700,22,1195488.0000,916,B,13.0600,13.0500,13.0400,13.0300,13.0200,13.0700,13.0800,13.0900,13.1000,13.1100,17,1348,2892,912,1218,157,582,2161,2230,5418
SZ,000001,2019-06-19 09:49:45,13.0700,11,518112.0000,397,B,13.0600,13.0500,13.0400,13.0300,13.0200,13.0700,13.0800,13.0900,13.1000,13.1100,63,978,2892,912,1220,154,125,2161,2240,5418
SZ,000001,2019-06-19 09:49:48,13.0500,10,267616.0000,205,S,13.0600,13.0500,13.0400,13.0300,13.0200,13.0700,13.0800,13.0900,13.1000,13.1100,36,853,2892,912,1220,138,201,2161,2240,5418
SZ,000001,2019-06-19 09:49:51,13.0700,10,540480.0000,414,B,13.0500,13.0400,13.0300,13.0200,13.0100,13.0700,13.0800,13.0900,13.1000,13.1100,563,2892,912,1220,2178,94,226,2193,2210,5418
SZ,000001,2019-06-19 09:49:54,13.0600,20,809056.0000,620,S,13.0500,13.0400,13.0300,13.0200,13.0100,13.0600,13.0700,13.0800,13.0900,13.1000,3,2845,862,1220,2178,22,94,256,2198,2310
SZ,000001,2019-06-19 09:49:57,13.0600,17,845376.0000,648,B,13.0600,13.0400,13.0300,13.0200,13.0100,13.0700,13.0800,13.0900,13.1000,13.1100,12,2364,862,1220,2178,28,276,2198,2310,5418
SZ,000001,2019-06-19 09:50:00,13.0400,9,397792.0000,305,S,13.0400,13.0300,13.0200,13.0100,13.0000,13.0700,13.0800,13.0900,13.1000,13.1100,2133,862,1220,2178,3963,121,286,2198,2310,5418
SZ,000001,2019-06-19 09:50:03,13.0400,13,802336.0000,615,S,13.0400,13.0300,13.0200,13.0100,13.0000,13.0500,13.0600,13.0700,13.0800,13.0900,1778,862,1250,2178,3963,5,125,1531,332,2198
SZ,000001,2019-06-19 09:50:06,13.0500,8,460320.0000,353,B,13.0400,13.0300,13.0200,13.0100,13.0000,13.0500,13.0600,13.0700,13.0800,13.0900,1446,862,1120,2267,3960,9,130,1617,322,2208
SZ,000001,2019-06-19 09:50:09,13.0500,18,739520.0000,567,B,13.0500,13.0400,13.0300,13.0200,13.0100,13.0600,13.0700,13.0800,13.0900,13.1000,299,1117,862,1090,2267,116,1594,380,2208,2315
SZ,000001,2019-06-19 09:50:12,13.0500,11,398016.0000,305,S,13.0500,13.0400,13.0300,13.0200,13.0100,13.0600,13.0700,13.0800,13.0900,13.1000,21,1127,862,1090,2269,126,1823,380,2183,2317
SZ,000001,2019-06-19 09:50:15,13.0500,11,339072.0000,260,S,13.0400,13.0300,13.0200,13.0100,13.0000,13.0500,13.0600,13.0700,13.0800,13.0900,912,862,1090,2269,3971,330,153,1823,375,2183
SZ,000001,2019-06-19 09:50:18,13.0600,20,620832.0000,476,B,13.0400,13.0300,13.0200,13.0100,13.0000,13.0600,13.0700,13.0800,13.0900,13.1000,521,882,1090,2269,3981,122,1823,405,2183,2350
SZ,000001,2019-06-19 09:50:21,13.0400,15,366592.0000,281,S,13.0400,13.0300,13.0200,13.0100,13.0000,13.0600,13.0700,13.0800,13.0900,13.1000,370,907,1091,2269,3975,120,1823,515,2193,2350
SZ,000001,2019-06-19 09:50:24,13.0500,15,345728.0000,265,B,13.0500,13.0400,13.0300,13.0200,13.0100,13.0600,13.0700,13.0800,13.0900,13.1000,173,221,1141,1091,2269,61,1823,557,2198,2350
SZ,000001,2019-06-19 09:50:27,13.0600,24,491104.0000,376,B,13.0600,13.0500,13.0400,13.0300,13.0200,13.0700,13.0800,13.0900,13.1000,13.1100,346,137,223,1490,1131,1717,557,2235,2428,5447
SZ,000001,2019-06-19 09:50:30,13.0700,10,151488.0000,116,B,13.0600,13.0500,13.0400,13.0300,13.0200,13.0700,13.0800,13.0900,13.1000,13.1100,235,314,136,1459,1213,1712,557,2235,2445,5447
SZ,000001,2019-06-19 09:50:33,13.0600,11,347424.0000,266,S,13.0500,13.0400,13.0300,13.0200,13.0100,13.0600,13.0700,13.0800,13.0900,13.1000,314,798,1461,1213,2269,877,1751,554,2235,2461
SZ,000001,2019-06-19 09:50:36,13.0600,10,236224.0000,181,B,13.0500,13.0400,13.0300,13.0200,13.0100,13.0600,13.0700,13.0800,13.0900,13.1000,197,848,1471,1213,2274,1084,1751,554,2235,2414
SZ,000001,2019-06-19 09:50:39,13.0500,19,319744.0000,245,S,13.0400,13.0300,13.0200,13.0100,13.0000,13.0500,13.0600,13.0700,13.0800,13.0900,853,1472,1238,2274,3925,63,1089,1751,556,2235
SZ,000001,2019-06-19 09:50:42,13.0600,17,390304.0000,299,B,13.0400,13.0300,13.0200,13.0100,13.0000,13.0500,13.0600,13.0700,13.0800,13.0900,822,1472,1268,2279,3925,50,1012,1751,565,2335
SZ,000001,2019-06-19 09:50:45,13.0600,21,1150432.0000,881,B,13.0400,13.0300,13.0200,13.0100,13.0000,13.0600,13.0700,13.0800,13.0900,13.1000,788,1482,1368,2291,3925,215,1741,575,2343,2386
SZ,000001,2019-06-19 09:50:48,13.0500,23,522272.0000,400,S,13.0400,13.0300,13.0200,13.0100,13.0000,13.0500,13.0600,13.0700,13.0800,13.0900,796,1482,1368,2292,3925,12,15,1722,585,2343
SZ,000001,2019-06-19 09:50:51,13.0500,31,263648.0000,202,B,13.0500,13.0400,13.0300,13.0200,13.0100,13.0600,13.0700,13.0800,13.0900,13.1000,290,888,1482,1378,2292,5,1688,595,2343,2370
SZ,000001,2019-06-19 09:50:54,13.0600,8,117536.0000,90,B,13.0600,13.0500,13.0400,13.0300,13.0200,13.0700,13.0800,13.0900,13.1000,13.1100,46,279,888,1482,1378,1669,595,2343,2380,5451
SZ,000001,2019-06-19 09:50:57,13.0600,14,597216.0000,457,S,13.0500,13.0400,13.0300,13.0200,13.0100,13.0600,13.0700,13.0800,13.0900,13.1000,271,898,1482,1378,2292,9,1279,597,2340,2383
SZ,000001,2019-06-19 09:51:00,13.0600,10,167232.0000,128,B,13.0600,13.0500,13.0400,13.0300,13.0200,13.0700,13.0800,13.0900,13.1000,13.1100,79,351,898,1482,1378,1220,597,2345,2464,5451
SZ,000001,2019-06-19 09:51:03,13.0700,9,316256.0000,242,B,13.0600,13.0500,13.0400,13.0300,13.0200,13.0700,13.0800,13.0900,13.1000,13.1100,47,353,898,1483,1421,1038,617,2345,2486,5451
SZ,000001,2019-06-19 09:51:06,13.0600,12,845568.0000,647,S,13.0600,13.0500,13.0400,13.0300,13.0200,13.0700,13.0800,13.0900,13.1000,13.1100,33,354,918,1483,1421,425,617,2345,2486,5451
SZ,000001,2019-06-19 09:51:09,13.0700,15,500576.0000,383,B,13.0600,13.0500,13.0400,13.0300,13.0200,13.0700,13.0800,13.0900,13.1000,13.1100,98,354,948,1483,1436,59,620,2349,2511,5451
SZ,000001,2019-06-19 09:51:12,13.0600,11,61408.0000,47,S,13.0600,13.0500,13.0400,13.0300,13.0200,13.0700,13.0800,13.0900,13.1000,13.1100,223,354,948,1483,1436,60,670,2349,2511,5451
SZ,000001,2019-06-19 09:51:15,13.0700,18,225632.0000,173,B,13.0700,13.0600,13.0500,13.0400,13.0300,13.0800,13.0900,13.1000,13.1100,13.1200,14,127,374,948,1483,645,2349,2515,5451,1864
SZ,000001,2019-06-19 09:51:18,13.0700,10,193440.0000,148,S,13.0700,13.0600,13.0500,13.0400,13.0300,13.0800,13.0900,13.1000,13.1100,13.1200,539,162,364,948,1483,1213,2349,2530,5451,1864
SZ,000001,2019-06-19 09:51:21,13.0700,12,235296.0000,180,S,13.0700,13.0600,13.0500,13.0400,13.0300,13.0800,13.0900,13.1000,13.1100,13.1200,421,183,743,959,1483,1195,2349,2525,5451,1864
SZ,000001,2019-06-19 09:51:24,13.0800,16,291520.0000,223,B,13.0700,13.0600,13.0500,13.0400,13.0300,13.0800,13.0900,13.1000,13.1100,13.1200,280,183,793,959,1483,1159,6339,2525,5451,1864
SZ,000001,2019-06-19 09:51:27,13.0800,40,1442688.0000,1103,B,13.0700,13.0600,13.0500,13.0400,13.0300,13.0800,13.0900,13.1000,13.1100,13.1200,257,275,793,959,1483,191,6339,2525,5451,1864
SZ,000001,2019-06-19 09:51:30,13.0700,5,88896.0000,68,S,13.0700,13.0600,13.0500,13.0400,13.0300,13.0800,13.0900,13.1000,13.1100,13.1200,200,277,796,959,1495,230,6339,2727,5473,1864
SZ,000001,2019-06-19 09:51:33,13.0800,27,482496.0000,369,B,13.0700,13.0600,13.0500,13.0400,13.0300,13.0800,13.0900,13.1000,13.1100,13.1200,96,277,796,959,1495,3,6342,2691,5473,1864
SZ,000001,2019-06-19 09:51:36,13.0800,27,388320.0000,297,B,13.0800,13.0700,13.0600,13.0500,13.0400,13.0900,13.1000,13.1100,13.1200,13.1300,1265,99,198,796,959,6323,2783,5473,1864,1496
SZ,000001,2019-06-19 09:51:39,13.0800,21,699872.0000,535,S,13.0800,13.0700,13.0600,13.0500,13.0400,13.0900,13.1000,13.1100,13.1200,13.1300,890,99,198,796,949,6219,2783,5473,1864,1496
SZ,000001,2019-06-19 09:51:42,13.0900,10,576864.0000,441,B,13.0800,13.0700,13.0600,13.0500,13.0400,13.0900,13.1000,13.1100,13.1200,13.1300,487,99,168,796,828,6196,2784,5473,1864,1496
SZ,000001,2019-06-19 09:51:45,13.0800,21,792544.0000,606,S,13.0600,13.0500,13.0400,13.0300,13.0200,13.0800,13.0900,13.1000,13.1100,13.1200,171,796,808,1500,1536,14,6237,2790,5473,1864
SZ,000001,2019-06-19 09:51:48,13.0600,33,2866592.0000,2190,S,13.0600,13.0500,13.0400,13.0300,13.0200,13.0700,13.0900,13.1000,13.1100,13.1200,153,838,808,1500,1536,15,4134,2790,5473,1864
SZ,000001,2019-06-19 09:51:51,13.0800,7,206560.0000,158,B,13.0800,13.0600,13.0500,13.0400,13.0300,13.0900,13.1000,13.1100,13.1200,13.1300,4866,153,835,810,1500,4114,2791,5473,1864,1506
SZ,000001,2019-06-19 09:51:54,13.0800,9,226304.0000,173,S,13.0800,13.0700,13.0600,13.0500,13.0400,13.0900,13.1000,13.1100,13.1200,13.1300,4697,40,140,835,810,4114,2791,5475,1858,1505
SZ,000001,2019-06-19 09:51:57,13.0800,16,3349120.0000,2559,S,13.0800,13.0700,13.0600,13.0500,13.0400,13.0900,13.1000,13.1100,13.1200,13.1300,4105,40,140,840,810,2172,2795,5475,1858,1505
SZ,000001,2019-06-19 09:52:00,13.0800,8,736544.0000,563,S,13.0800,13.0700,13.0600,13.0500,13.0400,13.0900,13.1000,13.1100,13.1200,13.1300,3670,43,143,840,810,2264,2801,5475,1859,1505
SZ,000001,2019-06-19 09:52:03,13.0800,4,565056.0000,432,S,13.0800,13.0700,13.0600,13.0500,13.0400,13.0900,13.1000,13.1100,13.1200,13.1300,3358,43,144,896,807,2289,2797,5516,1859,1505
SZ,000001,2019-06-19 09:52:06,13.0900,9,809664.0000,619,B,13.0800,13.0700,13.0600,13.0500,13.0400,13.0900,13.1000,13.1100,13.1200,13.1300,2760,143,144,932,807,2273,2779,5516,1859,1503
SZ,000001,2019-06-19 09:52:09,13.0800,16,1122336.0000,858,S,13.0800,13.0700,13.0600,13.0500,13.0400,13.0900,13.1000,13.1100,13.1200,13.1300,1987,143,144,932,807,2201,2779,5516,1859,1503
SZ,000001,2019-06-19 09:52:12,13.0900,9,875104.0000,669,B,13.0800,13.0700,13.0600,13.0500,13.0400,13.0900,13.1000,13.1100,13.1200,13.1300,1421,143,144,920,807,2258,2783,5516,1859,1504
SZ,000001,2019-06-19 09:52:15,13.0800,18,669696.0000,512,S,13.0800,13.0700,13.0600,13.0500,13.0400,13.0900,13.1000,13.1100,13.1200,13.1300,909,143,244,910,807,2338,2781,5516,1854,1504
SZ,000001,2019-06-19 09:52:18,13.0800,21,2475072.0000,1891,S,13.0800,13.0700,13.0600,13.0500,13.0400,13.0900,13.1000,13.1100,13.1200,13.1300,683,143,288,910,807,700,2786,5516,1854,1504
SZ,000001,2019-06-19 09:52:21,13.0800,7,278624.0000,213,S,13.0800,13.0700,13.0600,13.0500,13.0400,13.0900,13.1000,13.1100,13.1200,13.1300,494,143,288,908,807,698,2793,5516,1854,1504
SZ,000001,2019-06-19 09:52:24,13.0900,14,330944.0000,253,B,13.0800,13.0700,13.0600,13.0500,13.0400,13.0900,13.1000,13.1100,13.1200,13.1300,271,143,488,926,807,726,2796,5516,1721,1504
SZ,000001,2019-06-19 09:52:27,13.0900,85,1677376.0000,1282,B,13.0900,13.0700,13.0600,13.0500,13.0400,13.1000,13.1100,13.1200,13.1300,13.1400,600,143,1488,927,807,2695,5516,1721,1504,939
SZ,000001,2019-06-19 09:52:30,13.0900,23,798944.0000,610,S,13.0700,13.0600,13.0500,13.0400,13.0300,13.0900,13.1000,13.1100,13.1200,13.1300,492,1488,886,807,1650,167,2743,5516,1721,1504
SZ,000001,2019-06-19 09:52:33,13.0700,14,264096.0000,202,S,13.0700,13.0600,13.0500,13.0400,13.0300,13.0900,13.1000,13.1100,13.1200,13.1300,408,1529,886,245,1655,146,2743,5516,1731,1504
SZ,000001,2019-06-19 09:52:36,13.0900,21,845056.0000,646,B,13.0900,13.0700,13.0600,13.0500,13.0400,13.1000,13.1100,13.1200,13.1300,13.1400,935,180,1488,886,245,2936,5516,1731,1504,939
SZ,000001,2019-06-19 09:52:39,13.0900,21,1011872.0000,773,S,13.0900,13.0800,13.0700,13.0600,13.0500,13.1000,13.1100,13.1200,13.1300,13.1400,173,37,93,1488,886,2933,5516,1731,1504,939
SZ,000001,2019-06-19 09:52:42,13.0700,23,616416.0000,471,S,13.0700,13.0600,13.0500,13.0400,13.0300,13.0900,13.1000,13.1100,13.1200,13.1300,20,1479,1769,245,1655,2,2876,5516,1731,1504
SZ,000001,2019-06-19 09:52:45,13.0900,7,65440.0000,50,B,13.0800,13.0700,13.0600,13.0500,13.0400,13.0900,13.1000,13.1100,13.1200,13.1300,11,297,1535,2593,245,65,2861,5521,1731,1504
SZ,000001,2019-06-19 09:52:48,13.1000,20,841760.0000,643,B,13.0900,13.0800,13.0700,13.0600,13.0500,13.1000,13.1100,13.1200,13.1300,13.1400,683,19,340,1479,3424,2813,5521,1723,1504,939
SZ,000001,2019-06-19 09:52:51,13.0900,9,286656.0000,219,S,13.0900,13.0800,13.0700,13.0600,13.0500,13.1000,13.1100,13.1200,13.1300,13.1400,893,19,646,1479,4248,2888,5521,1723,1504,939
SZ,000001,2019-06-19 09:52:54,13.0900,13,446400.0000,341,S,13.0900,13.0800,13.0700,13.0600,13.0500,13.1000,13.1100,13.1200,13.1300,13.1400,570,219,646,1479,4660,2886,5525,1723,1504,939
SZ,000001,2019-06-19 09:52:57,13.0900,77,2717824.0000,2075,S,13.0900,13.0800,13.0700,13.0600,13.0500,13.1000,13.1100,13.1200,13.1300,13.1400,171,219,646,1479,4660,1275,5520,1723,1507,931
SZ,000001,2019-06-19 09:53:00,13.1000,15,247424.0000,189,B,13.0800,13.0700,13.0600,13.0500,13.0400,13.1000,13.1100,13.1200,13.1300,13.1400,216,655,1479,4660,245,1257,5520,1723,1507,931
SZ,000001,2019-06-19 09:53:03,13.0800,4,23552.0000,18,S,13.0800,13.0700,13.0600,13.0500,13.0400,13.0900,13.1000,13.1100,13.1200,13.1300,211,655,1479,4680,245,200,1547,5520,1723,1507
SZ,000001,2019-06-19 09:53:06,13.0900,14,1086400.0000,830,B,13.0900,13.0800,13.0700,13.0600,13.0500,13.1000,13.1100,13.1200,13.1300,13.1400,338,140,675,1479,4680,1542,5520,1723,1507,931
SZ,000001,2019-06-19 09:53:09,13.1000,16,246112.0000,188,B,13.0900,13.0800,13.0700,13.0600,13.0500,13.1000,13.1100,13.1200,13.1300,13.1400,236,160,675,1479,4680,1546,5520,1721,1507,931
SZ,000001,2019-06-19 09:53:12,13.0900,7,164928.0000,126,S,13.0900,13.0800,13.0700,13.0600,13.0500,13.1000,13.1100,13.1200,13.1300,13.1400,119,217,675,1479,4680,1618,5520,1721,1507,931
SZ,000001,2019-06-19 09:53:15,13.0900,15,276128.0000,211,S,13.0800,13.0700,13.0600,13.0500,13.0400,13.0900,13.1000,13.1100,13.1200,13.1300,151,675,1479,4680,245,134,1830,5520,1721,1508
SZ,000001,2019-06-19 09:53:18,13.0800,14,264256.0000,202,S,13.0800,13.0700,13.0600,13.0500,13.0400,13.0900,13.1000,13.1100,13.1200,13.1300,20,675,1479,4680,245,157,1825,5520,1721,1508
SZ,000001,2019-06-19 09:53:21,13.0800,17,231424.0000,177,S,13.0700,13.0600,13.0500,13.0400,13.0300,13.0800,13.0900,13.1000,13.1100,13.1200,563,1476,4680,245,952,9,291,1771,5520,1721
SZ,000001,2019-06-19 09:53:24,13.0800,5,172544.0000,132,B,13.0700,13.0600,13.0500,13.0400,13.0300,13.0800,13.0900,13.1000,13.1100,13.1200,456,1526,4680,245,952,38,359,1724,5520,1721
SZ,000001,2019-06-19 09:53:27,13.0900,14,444768.0000,340,B,13.0800,13.0700,13.0600,13.0500,13.0400,13.0900,13.1000,13.1100,13.1200,13.1300,170,396,1526,4680,245,146,1726,5520,1721,1508
SZ,000001,2019-06-19 09:53:30,13.0800,7,109920.0000,84,S,13.0800,13.0700,13.0600,13.0500,13.0400,13.0900,13.1000,13.1100,13.1200,13.1300,154,396,1526,4680,245,101,1768,5521,1721,1508
SZ,000001,2019-06-19 09:53:33,13.0700,21,720320.0000,551,S,13.0700,13.0600,13.0500,13.0400,13.0300,13.0800,13.0900,13.1000,13.1100,13.1200,9,1526,4732,245,952,59,117,1768,5571,1721
SZ,000001,2019-06-19 09:53:36,13.0900,13,183104.0000,140,B,13.0800,13.0700,13.0600,13.0500,13.0400,13.0900,13.1000,13.1100,13.1200,13.1300,199,1,1536,4732,245,95,1790,5571,1771,1524
SZ,000001,2019-06-19 09:53:39,13.0900,3,57536.0000,44,B,13.0800,13.0700,13.0600,13.0500,13.0400,13.0900,13.1000,13.1100,13.1200,13.1300,170,1,1536,4732,245,124,1809,5571,1771,1579
SZ,000001,2019-06-19 09:53:42,13.0800,10,129504.0000,99,S,13.0800,13.0700,13.0600,13.0500,13.0400,13.0900,13.1000,13.1100,13.1200,13.1300,99,109,1536,4732,245,195,2196,5571,1771,1599
SZ,000001,2019-06-19 09:53:45,13.0800,5,49696.0000,38,S,13.0800,13.0700,13.0600,13.0500,13.0400,13.0900,13.1000,13.1100,13.1200,13.1300,263,122,1664,4732,245,455,2196,5571,1781,1599
SZ,000001,2019-06-19 09:53:48,13.0900,25,695072.0000,531,B,13.0900,13.0800,13.0700,13.0600,13.0500,13.1000,13.1100,13.1200,13.1300,13.1400,674,257,132,1691,4732,2242,5571,1781,1599,981
SZ,000001,2019-06-19 09:53:51,13.0900,9,312864.0000,239,S,13.0900,13.0800,13.0700,13.0600,13.0500,13.1000,13.1100,13.1200,13.1300,13.1400,455,260,332,1691,4682,2236,5571,1781,1599,981
SZ,000001,2019-06-19 09:53:54,13.0900,14,342976.0000,262,S,13.0900,13.0800,13.0700,13.0600,13.0500,13.1000,13.1100,13.1200,13.1300,13.1400,206,260,564,1691,4682,2376,5571,1781,1599,981
SZ,000001,2019-06-19 09:53:57,13.0900,93,2233184.0000,1705,S,13.0800,13.0700,13.0600,13.0500,13.0400,13.0900,13.1000,13.1100,13.1200,13.1300,235,564,1741,4682,245,3,1000,5571,1781,1599
SZ,000001,2019-06-19 09:54:00,13.0800,13,239520.0000,183,S,13.0800,13.0700,13.0600,13.0500,13.0400,13.0900,13.1000,13.1100,13.1200,13.1300,158,569,1741,4682,245,355,887,5571,1781,1599
SZ,000001,2019-06-19 09:54:03,13.0800,2,88960.0000,68,S,13.0800,13.0700,13.0600,13.0500,13.0400,13.0900,13.1000,13.1100,13.1200,13.1300,90,569,1741,4682,245,1185,821,5571,1786,1599
SZ,000001,2019-06-19 09:54:06,13.0900,23,1688128.0000,1290,B,13.0800,13.0700,13.0600,13.0500,13.0400,13.0900,13.1000,13.1100,13.1200,13.1300,1,518,1741,4682,245,581,906,5571,1790,1599
SZ,000001,2019-06-19 09:54:09,13.0800,14,132032.0000,101,S,13.0700,13.0600,13.0500,13.0400,13.0300,13.0800,13.0900,13.1000,13.1100,13.1200,444,1741,4682,245,952,26,578,897,5571,1790
SZ,000001,2019-06-19 09:54:12,13.0800,11,190880.0000,146,B,13.0700,13.0600,13.0500,13.0400,13.0300,13.0800,13.0900,13.1000,13.1100,13.1200,362,1741,4682,245,952,24,807,920,5571,1790
SZ,000001,2019-06-19 09:54:15,13.0800,6,96736.0000,74,B,13.0700,13.0600,13.0500,13.0400,13.0300,13.0800,13.0900,13.1000,13.1100,13.1200,304,1744,4682,245,952,26,807,920,5571,1788
SZ,000001,2019-06-19 09:54:18,13.0800,12,181824.0000,139,B,13.0800,13.0700,13.0600,13.0500,13.0400,13.0900,13.1000,13.1100,13.1200,13.1300,35,304,1744,4682,245,831,1149,5571,1788,1599
SZ,000001,2019-06-19 09:54:21,13.0700,18,380416.0000,291,S,13.0700,13.0600,13.0500,13.0400,13.0300,13.0800,13.0900,13.1000,13.1100,13.1200,105,1744,4683,1011,952,1,914,1149,5571,1788
SZ,000001,2019-06-19 09:54:24,13.0800,7,75840.0000,58,B,13.0700,13.0600,13.0500,13.0400,13.0300,13.0800,13.0900,13.1000,13.1100,13.1200,99,1717,4683,1011,955,90,914,1179,5571,1786
SZ,000001,2019-06-19 09:54:27,13.0700,8,139872.0000,107,S,13.0700,13.0600,13.0500,13.0400,13.0300,13.0800,13.0900,13.1000,13.1100,13.1200,13,1805,4683,1011,955,202,831,1196,5571,1786
SZ,000001,2019-06-19 09:54:30,13.0700,58,2467648.0000,1885,S,13.0700,13.0600,13.0500,13.0400,13.0300,13.0800,13.0900,13.1000,13.1100,13.1200,3,1738,4683,1014,955,38,20,541,5571,1787
SZ,000001,2019-06-19 09:54:33,13.0700,5,11776.0000,9,S,13.0600,13.0500,13.0400,13.0300,13.0200,13.0700,13.0800,13.0900,13.1000,13.1100,1758,4683,1014,955,1526,8,40,21,541,5571
SZ,000001,2019-06-19 09:54:36,13.0600,4,27456.0000,21,S,13.0600,13.0500,13.0400,13.0300,13.0200,13.0700,13.0800,13.0900,13.1000,13.1100,1753,4683,1014,955,1526,28,42,21,612,5571
SZ,000001,2019-06-19 09:54:39,13.0600,22,325216.0000,249,S,13.0600,13.0500,13.0400,13.0300,13.0200,13.0700,13.0800,13.0900,13.1000,13.1100,1551,4683,1014,955,1526,4,43,21,1599,5601
SZ,000001,2019-06-19 09:54:42,13.0600,9,256000.0000,196,S,13.0600,13.0500,13.0400,13.0300,13.0200,13.0700,13.0800,13.0900,13.1000,13.1100,1516,4683,1014,955,1526,31,8,34,1599,5601
SZ,000001,2019-06-19 09:54:45,13.0600,7,124064.0000,95,S,13.0600,13.0500,13.0400,13.0300,13.0200,13.0700,13.0800,13.0900,13.1000,13.1100,1423,4684,1014,1722,1526,37,11,74,1614,5599
SZ,000001,2019-06-19 09:54:48,13.0600,11,266432.0000,204,S,13.0600,13.0500,13.0400,13.0300,13.0200,13.0700,13.0800,13.0900,13.1000,13.1100,1225,4682,1014,1722,1526,54,20,74,1614,5599
SZ,000001,2019-06-19 09:54:51,13.0600,13,833248.0000,638,S,13.0600,13.0500,13.0400,13.0300,13.0200,13.0700,13.0800,13.0900,13.1000,13.1100,662,4682,1014,1722,1526,61,139,257,1584,5599
SZ,000001,2019-06-19 09:54:54,13.0600,11,207680.0000,159,S,13.0600,13.0500,13.0400,13.0300,13.0200,13.0700,13.0800,13.0900,13.1000,13.1100,770,4676,1014,1722,1541,44,177,257,1606,5599
SZ,000001,2019-06-19 09:54:57,13.0700,14,369888.0000,283,B,13.0700,13.0600,13.0500,13.0400,13.0300,13.0800,13.0900,13.1000,13.1100,13.1200,929,843,4619,1024,1722,222,257,1616,5604,1787
SZ,000001,2019-06-19 09:55:00,13.0700,20,449696.0000,344,S,13.0700,13.0600,13.0500,13.0400,13.0300,13.0800,13.0900,13.1000,13.1100,13.1200,691,925,4629,1024,1722,116,268,1600,5604,1807
SZ,000001,2019-06-19 09:55:03,13.0700,16,1227072.0000,939,S,13.0600,13.0500,13.0400,13.0300,13.0200,13.0700,13.0800,13.0900,13.1000,13.1100,739,4629,1024,1722,1543,1810,123,268,1600,5604
SZ,000001,2019-06-19 09:55:06,13.0600,152,2927872.0000,2243,S,13.0500,13.0400,13.0300,13.0200,13.0100,13.0600,13.0700,13.0800,13.0900,13.1000,3134,1024,1722,1533,2452,164,1962,123,269,1600
SZ,000001,2019-06-19 09:55:09,13.0600,55,1081984.0000,829,B,13.0600,13.0500,13.0400,13.0300,13.0200,13.0700,13.0800,13.0900,13.1000,13.1100,9,2478,1016,1722,1533,1996,123,269,1601,5604
SZ,000001,2019-06-19 09:55:12,13.0600,8,90176.0000,69,S,13.0600,13.0500,13.0400,13.0300,13.0200,13.0700,13.0800,13.0900,13.1000,13.1100,90,2478,1016,1722,1533,1981,130,306,1642,5604
SZ,000001,2019-06-19 09:55:15,13.0600,12,262464.0000,201,S,13.0600,13.0500,13.0400,13.0300,13.0200,13.0700,13.0800,13.0900,13.1000,13.1100,45,2478,1016,1722,1533,1981,146,316,1651,5604
SZ,000001,2019-06-19 09:55:18,13.0600,5,82304.0000,63,S,13.0600,13.0500,13.0400,13.0300,13.0200,13.0700,13.0800,13.0900,13.1000,13.1100,482,2478,1016,1722,1533,2029,151,316,1654,5643
SZ,000001,2019-06-19 09:55:21,13.0700,7,155520.0000,119,B,13.0600,13.0500,13.0400,13.0300,13.0200,13.0700,13.0800,13.0900,13.1000,13.1100,545,2488,1016,1722,1533,1965,151,316,1674,5648
SZ,000001,2019-06-19 09:55:24,13.0600,9,393088.0000,301,S,13.0600,13.0500,13.0400,13.0300,13.0200,13.0700,13.0800,13.0900,13.1000,13.1100,259,2488,1016,1722,1533,1995,151,316,1674,5653
SZ,000001,2019-06-19 09:55:27,13.0600,17,343488.0000,263,S,13.0600,13.0500,13.0400,13.0300,13.0200,13.0700,13.0800,13.0900,13.1000,13.1100,14,2508,1016,1722,1533,2007,151,319,1674,5653
SZ,000001,2019-06-19 09:55:30,13.0600,9,193344.0000,148,S,13.0500,13.0400,13.0300,13.0200,13.0100,13.0600,13.0700,13.0800,13.0900,13.1000,2518,1016,1722,1533,2433,19,1938,152,319,1654
SZ,000001,2019-06-19 09:55:33,13.0700,11,284864.0000,218,B,13.0500,13.0400,13.0300,13.0200,13.0100,13.0700,13.0800,13.0900,13.1000,13.1100,2518,1016,1722,1533,2433,561,154,319,1679,5653
SZ,000001,2019-06-19 09:55:36,13.0600,5,138496.0000,106,S,13.0600,13.0500,13.0400,13.0300,13.0200,13.0700,13.0800,13.0900,13.1000,13.1100,240,2615,1016,1722,1533,777,157,319,1684,5653
SZ,000001,2019-06-19 09:55:39,13.0600,7,219392.0000,168,S,13.0600,13.0500,13.0400,13.0300,13.0200,13.0700,13.0800,13.0900,13.1000,13.1100,87,2715,1016,1722,1533,782,157,319,1685,5653
SZ,000001,2019-06-19 09:55:42,13.0500,9,128000.0000,98,S,13.0500,13.0400,13.0300,13.0200,13.0100,13.0600,13.0700,13.0800,13.0900,13.1000,2700,1016,1722,1533,2429,366,731,157,319,1689
SZ,000001,2019-06-19 09:55:45,13.0600,2,32640.0000,25,B,13.0500,13.0400,13.0300,13.0200,13.0100,13.0600,13.0700,13.0800,13.0900,13.1000,2581,1016,1722,1533,2429,373,731,386,292,1699
SZ,000001,2019-06-19 09:55:48,13.0500,10,1449856.0000,1111,S,13.0500,13.0400,13.0300,13.0200,13.0100,13.0600,13.0700,13.0800,13.0900,13.1000,1627,1016,1722,1533,2429,615,755,406,292,1720
SZ,000001,2019-06-19 09:55:51,13.0600,9,575616.0000,441,B,13.0500,13.0400,13.0300,13.0200,13.0100,13.0600,13.0700,13.0800,13.0900,13.1000,1293,1016,1722,1541,2429,553,753,406,537,1723
SZ,000001,2019-06-19 09:55:54,13.0600,26,1204096.0000,922,B,13.0600,13.0500,13.0400,13.0300,13.0200,13.0700,13.0800,13.0900,13.1000,13.1100,477,1291,1016,1722,1541,756,426,537,2021,5653
SZ,000001,2019-06-19 09:55:57,13.0600,11,141056.0000,108,S,13.0600,13.0500,13.0400,13.0300,13.0200,13.0700,13.0800,13.0900,13.1000,13.1100,520,1173,1016,1722,1591,740,426,537,2031,5653
SZ,000001,2019-06-19 09:56:00,13.0500,27,2262400.0000,1733,S,13.0500,13.0400,13.0300,13.0200,13.0100,13.0600,13.0700,13.0800,13.0900,13.1000,121,1016,1722,1626,2429,62,581,426,720,2052
SZ,000001,2019-06-19 09:56:03,13.0600,38,674048.0000,516,B,13.0600,13.0500,13.0400,13.0300,13.0200,13.0700,13.0800,13.0900,13.1000,13.1100,81,50,1016,1722,1626,326,428,757,2059,5653
SZ,000001,2019-06-19 09:56:06,13.0500,31,778688.0000,597,S,13.0400,13.0300,13.0200,13.0100,13.0000,13.0500,13.0700,13.0800,13.0900,13.1000,561,1373,1626,2429,3755,89,425,429,766,2064
SZ,000001,2019-06-19 09:56:09,13.0600,11,164474.0000,126,B,13.0400,13.0300,13.0200,13.0100,13.0000,13.0600,13.0700,13.0800,13.0900,13.1000,651,1376,1626,2239,3755,32,437,429,776,2064
SZ,000001,2019-06-19 09:56:12,13.0500,9,75712.0000,58,S,13.0500,13.0400,13.0300,13.0200,13.0100,13.0600,13.0700,13.0800,13.0900,13.1000,121,654,1376,1626,2244,95,343,429,776,2136
SZ,000001,2019-06-19 09:56:15,13.0600,20,502848.0000,385,B,13.0600,13.0500,13.0400,13.0300,13.0200,13.0700,13.0800,13.0900,13.1000,13.1100,1193,320,568,1376,1626,341,429,786,2136,5656
SZ,000001,2019-06-19 09:56:18,13.0600,9,587648.0000,450,S,13.0600,13.0500,13.0400,13.0300,13.0200,13.0700,13.0800,13.0900,13.1000,13.1100,752,678,3108,1404,1631,350,429,796,2362,5656
SZ,000001,2019-06-19 09:56:21,13.0600,7,111104.0000,85,S,13.0600,13.0500,13.0400,13.0300,13.0200,13.0700,13.0800,13.0900,13.1000,13.1100,838,618,3563,1404,1631,325,429,806,2411,5656
SZ,000001,2019-06-19 09:56:24,13.0600,12,1084160.0000,830,S,13.0600,13.0500,13.0400,13.0300,13.0200,13.0700,13.0800,13.0900,13.1000,13.1100,284,830,5164,1404,1631,91,439,806,2434,5656
SZ,000001,2019-06-19 09:56:27,13.0600,10,222080.0000,170,S,13.0600,13.0500,13.0400,13.0300,13.0200,13.0700,13.0800,13.0900,13.1000,13.1100,150,830,5915,1404,1631,113,487,816,2434,5647
SZ,000001,2019-06-19 09:56:30,13.0600,23,271744.0000,208,S,13.0600,13.0500,13.0400,13.0300,13.0200,13.0700,13.0800,13.0900,13.1000,13.1100,35,840,5915,1404,1641,158,487,816,2434,5647
SZ,000001,2019-06-19 09:56:33,13.0600,16,480768.0000,368,S,13.0600,13.0500,13.0400,13.0300,13.0200,13.0700,13.0800,13.0900,13.1000,13.1100,1,840,5915,1404,1633,4,497,816,2434,5647
SZ,000001,2019-06-19 09:56:36,13.0500,6,26112.0000,20,S,13.0500,13.0400,13.0300,13.0200,13.0100,13.0600,13.0700,13.0800,13.0900,13.1000,844,5915,1404,1633,2244,81,9,498,826,2434
SZ,000001,2019-06-19 09:56:39,13.0600,4,31360.0000,24,B,13.0500,13.0400,13.0300,13.0200,13.0100,13.0600,13.0700,13.0800,13.0900,13.1000,841,5955,1404,1633,2244,187,9,497,826,2434
SZ,000001,2019-06-19 09:56:42,13.0600,13,158016.0000,121,B,13.0500,13.0400,13.0300,13.0200,13.0100,13.0600,13.0700,13.0800,13.0900,13.1000,836,5955,1394,1633,2244,173,19,507,826,2434
SZ,000001,2019-06-19 09:56:45,13.0500,12,660352.0000,506,S,13.0500,13.0400,13.0300,13.0200,13.0100,13.0600,13.0700,13.0800,13.0900,13.1000,556,5955,1394,1633,2244,326,21,507,837,2435
SZ,000001,2019-06-19 09:56:48,13.0600,2,28736.0000,22,B,13.0500,13.0400,13.0300,13.0200,13.0100,13.0600,13.0700,13.0800,13.0900,13.1000,551,5955,1394,1633,2244,434,51,507,857,2435
SZ,000001,2019-06-19 09:56:51,13.0600,7,116160.0000,89,B,13.0500,13.0400,13.0300,13.0200,13.0100,13.0600,13.0700,13.0800,13.0900,13.1000,488,5955,1394,1633,2244,470,51,507,1257,2456
SZ,000001,2019-06-19 09:56:54,13.0500,5,227072.0000,174,S,13.0500,13.0400,13.0300,13.0200,13.0100,13.0600,13.0700,13.0800,13.0900,13.1000,330,5955,1394,1636,2244,485,51,512,1257,2456
SZ,000001,2019-06-19 09:56:57,13.0500,7,75712.0000,58,S,13.0500,13.0400,13.0300,13.0200,13.0100,13.0600,13.0700,13.0800,13.0900,13.1000,320,6001,1394,1636,2247,499,56,516,1257,2456
SZ,000001,2019-06-19 09:57:00,13.0500,16,223232.0000,171,S,13.0500,13.0400,13.0300,13.0200,13.0100,13.0600,13.0700,13.0800,13.0900,13.1000,555,6001,1342,1617,2242,426,56,516,1257,2456
SZ,000001,2019-06-19 09:57:03,13.0500,19,327744.0000,251,S,13.0500,13.0400,13.0300,13.0200,13.0100,13.0600,13.0700,13.0800,13.0900,13.1000,505,6001,1342,1617,2242,280,61,517,1262,2456
SZ,000001,2019-06-19 09:57:06,13.0500,17,228544.0000,175,S,13.0500,13.0400,13.0300,13.0200,13.0100,13.0600,13.0700,13.0800,13.0900,13.1000,523,6001,1342,1617,2242,116,61,517,1262,2461
SZ,000001,2019-06-19 09:57:09,13.0700,33,419072.0000,321,B,13.0500,13.0400,13.0300,13.0200,13.0100,13.0700,13.0800,13.0900,13.1000,13.1100,426,5473,1342,1617,2242,50,576,1262,2511,5673
SZ,000001,2019-06-19 09:57:12,13.0700,18,212864.0000,163,B,13.0700,13.0600,13.0500,13.0400,13.0300,13.0800,13.0900,13.1000,13.1100,13.1200,199,10,354,5473,1342,574,1272,2485,5673,1650
SZ,000001,2019-06-19 09:57:15,13.0600,12,271872.0000,208,S,13.0600,13.0500,13.0400,13.0300,13.0200,13.0700,13.0800,13.0900,13.1000,13.1100,338,345,5483,1342,1697,116,578,1286,2485,5673
SZ,000001,2019-06-19 09:57:18,13.0600,6,61376.0000,47,S,13.0600,13.0500,13.0400,13.0300,13.0200,13.0700,13.0800,13.0900,13.1000,13.1100,401,366,5483,1342,1697,144,578,1286,2600,5673
SZ,000001,2019-06-19 09:57:21,13.0600,8,207680.0000,159,S,13.0600,13.0500,13.0400,13.0300,13.0200,13.0700,13.0800,13.0900,13.1000,13.1100,244,370,5483,1342,1697,205,581,1306,2603,5673
SZ,000001,2019-06-19 09:57:24,13.0700,12,424704.0000,325,B,13.0700,13.0600,13.0500,13.0400,13.0300,13.0800,13.0900,13.1000,13.1100,13.1200,37,203,370,5483,1342,570,1306,2603,5673,1650
