市场代码,证券代码,时间,最新价,成交笔数,成交额,成交量,方向,买一价,买二价,买三价,买四价,买五价,卖一价,卖二价,卖三价,卖四价,卖五价,买一量,买二量,买三量,买四量,买五量,卖一量,卖二量,卖三量,卖四量,卖五量
SZ,000001,2019-06-28 09:25:03,13.7300,96,3164765.0000,2305,B,13.7200,13.7100,13.7000,13.6900,13.6800,13.7300,13.7400,13.7500,13.7600,13.7700,75,2498,43,30,65,673,122,553,35,85
SZ,000001,2019-06-28 09:30:03,13.7300,97,4938577.0000,3600,B,13.7300,13.7200,13.7100,13.7000,13.6900,13.7400,13.7500,13.7600,13.7700,13.7800,345,57,1007,102,90,95,554,64,140,296
SZ,000001,2019-06-28 09:30:06,13.7300,21,483298.0000,352,S,13.7300,13.7200,13.7100,13.7000,13.6900,13.7400,13.7500,13.7600,13.7700,13.7800,386,651,943,154,90,99,1486,66,140,309
SZ,000001,2019-06-28 09:30:09,13.7300,7,21975.0000,16,S,13.7300,13.7200,13.7100,13.7000,13.6900,13.7400,13.7500,13.7600,13.7700,13.7800,406,667,943,154,90,92,1489,66,140,309
SZ,000001,2019-06-28 09:30:12,13.7300,3,9611.0000,7,S,13.7300,13.7200,13.7100,13.7000,13.6900,13.7400,13.7500,13.7600,13.7700,13.7800,1018,670,943,154,90,107,1489,66,140,309
SZ,000001,2019-06-28 09:30:15,13.7200,27,1561047.0000,1137,S,13.7200,13.7100,13.7000,13.6900,13.6800,13.7400,13.7500,13.7600,13.7700,13.7800,616,943,154,90,41,117,1489,66,150,309
SZ,000001,2019-06-28 09:30:18,13.7300,6,61749.0000,45,B,13.7200,13.7100,13.7000,13.6900,13.6800,13.7300,13.7400,13.7500,13.7600,13.7700,580,943,154,90,41,6,172,1489,66,150
SZ,000001,2019-06-28 09:30:21,13.7200,12,810852.0000,591,S,13.7100,13.7000,13.6900,13.6800,13.6700,13.7200,13.7300,13.7400,13.7500,13.7600,943,154,90,41,81,411,48,202,1489,66
SZ,000001,2019-06-28 09:30:24,13.7100,3,176859.0000,129,S,13.7100,13.7000,13.6900,13.6800,13.6700,13.7200,13.7300,13.7400,13.7500,13.7600,817,154,90,41,81,442,64,202,1489,66
SZ,000001,2019-06-28 09:30:27,13.7100,28,1298645.0000,947,S,13.7000,13.6900,13.6800,13.6700,13.6600,13.7100,13.7200,13.7300,13.7400,13.7500,37,90,41,81,104,801,436,64,202,1489
SZ,000001,2019-06-28 09:30:30,13.7100,12,242623.0000,177,B,13.6900,13.6800,13.6700,13.6600,13.6500,13.7100,13.7200,13.7300,13.7400,13.7500,88,41,81,104,530,1081,434,62,200,1489
SZ,000001,2019-06-28 09:30:33,13.6900,54,1044526.0000,762,S,13.6900,13.6800,13.6700,13.6600,13.6500,13.7100,13.7200,13.7300,13.7400,13.7500,16,41,81,104,530,499,427,58,200,1489
SZ,000001,2019-06-28 09:30:36,13.7100,18,115033.0000,84,B,13.6800,13.6700,13.6600,13.6500,13.6400,13.7100,13.7200,13.7300,13.7400,13.7500,16,81,104,530,346,496,427,58,200,1487
SZ,000001,2019-06-28 09:30:39,13.6900,8,49257.0000,36,S,13.6800,13.6700,13.6600,13.6500,13.6400,13.6900,13.7000,13.7100,13.7200,13.7300,2,81,104,530,346,17,101,493,427,58
SZ,000001,2019-06-28 09:30:42,13.6700,11,75215.0000,55,S,13.6800,13.6700,13.6600,13.6500,13.6400,13.6900,13.7000,13.7100,13.7200,13.7300,1,42,104,530,346,9,596,541,427,58
SZ,000001,2019-06-28 09:30:45,13.6900,26,312132.0000,228,B,13.6900,13.6800,13.6700,13.6600,13.6500,13.7000,13.7100,13.7200,13.7300,13.7400,300,1,42,104,530,592,535,379,26,245
SZ,000001,2019-06-28 09:30:48,13.6900,9,38335.0000,28,S,13.6900,13.6800,13.6700,13.6600,13.6500,13.7000,13.7100,13.7200,13.7300,13.7400,289,1,52,106,530,590,429,379,161,245
SZ,000001,2019-06-28 09:30:51,13.6900,22,438270.0000,320,S,13.6900,13.6800,13.6700,13.6600,13.6500,13.7000,13.7100,13.7200,13.7300,13.7400,159,1,52,106,530,400,431,379,161,245
SZ,000001,2019-06-28 09:30:54,13.6900,22,217671.0000,159,S,13.6800,13.6700,13.6600,13.6500,13.6400,13.6900,13.7000,13.7100,13.7200,13.7300,1,62,206,530,349,59,450,431,379,161
SZ,000001,2019-06-28 09:30:57,13.6900,45,734230.0000,536,B,13.6700,13.6600,13.6500,13.6400,13.6300,13.6900,13.7100,13.7200,13.7300,13.7400,62,206,530,349,277,25,431,379,161,245
SZ,000001,2019-06-28 09:31:00,13.6800,5,35568.0000,26,S,13.6800,13.6700,13.6600,13.6500,13.6400,13.6900,13.7100,13.7200,13.7300,13.7400,6,204,206,533,349,98,399,379,161,245
SZ,000001,2019-06-28 09:31:03,13.6900,30,162899.0000,119,B,13.6900,13.6700,13.6600,13.6500,13.6400,13.7100,13.7200,13.7300,13.7400,13.7500,411,241,206,533,349,399,379,161,245,1346
SZ,000001,2019-06-28 09:31:06,13.6900,13,101310.0000,74,S,13.6900,13.6800,13.6700,13.6600,13.6500,13.7100,13.7200,13.7300,13.7400,13.7500,385,153,265,116,553,399,379,161,245,1332
SZ,000001,2019-06-28 09:31:09,13.6900,6,20536.0000,15,S,13.6900,13.6800,13.6700,13.6600,13.6500,13.7100,13.7200,13.7300,13.7400,13.7500,388,153,265,116,553,401,379,161,185,1332
SZ,000001,2019-06-28 09:31:12,13.6900,15,121887.0000,89,S,13.6900,13.6800,13.6700,13.6600,13.6500,13.7100,13.7200,13.7300,13.7400,13.7500,322,153,316,116,553,391,379,161,182,1332
SZ,000001,2019-06-28 09:31:15,13.7100,7,31505.0000,23,B,13.6900,13.6800,13.6700,13.6600,13.6500,13.7100,13.7200,13.7300,13.7400,13.7500,308,153,316,136,553,386,379,161,192,1332
SZ,000001,2019-06-28 09:31:18,13.6900,11,119119.0000,87,S,13.6900,13.6800,13.6700,13.6600,13.6500,13.7000,13.7100,13.7200,13.7300,13.7400,233,153,316,136,554,3,382,379,161,192
SZ,000001,2019-06-28 09:31:21,13.7100,10,27401.0000,20,B,13.7000,13.6900,13.6800,13.6700,13.6600,13.7100,13.7200,13.7300,13.7400,13.7500,46,312,156,316,136,376,379,161,192,1332
SZ,000001,2019-06-28 09:31:24,13.6900,32,130106.0000,95,S,13.6900,13.6800,13.6700,13.6600,13.6500,13.7100,13.7200,13.7300,13.7400,13.7500,267,156,316,136,604,375,379,161,197,1332
SZ,000001,2019-06-28 09:31:27,13.6900,22,249159.0000,182,S,13.6900,13.6800,13.6700,13.6600,13.6500,13.7000,13.7100,13.7200,13.7300,13.7400,85,156,316,136,604,1,375,379,161,197
SZ,000001,2019-06-28 09:31:30,13.6900,14,136938.0000,100,S,13.6900,13.6800,13.6700,13.6600,13.6500,13.7100,13.7200,13.7300,13.7400,13.7500,12,156,316,136,604,393,389,161,197,1332
SZ,000001,2019-06-28 09:31:33,13.6900,3,12322.0000,9,S,13.6900,13.6800,13.6700,13.6600,13.6500,13.7000,13.7100,13.7200,13.7300,13.7400,4,156,316,136,616,3,423,389,161,197
SZ,000001,2019-06-28 09:31:36,13.7000,7,16432.0000,12,B,13.7000,13.6800,13.6700,13.6600,13.6500,13.7100,13.7200,13.7300,13.7400,13.7500,4,156,316,136,616,418,389,161,197,1362
SZ,000001,2019-06-28 09:31:39,13.6900,5,8218.0000,6,S,13.6900,13.6800,13.6700,13.6600,13.6500,13.7100,13.7200,13.7300,13.7400,13.7500,28,261,316,136,616,379,389,161,197,1362
SZ,000001,2019-06-28 09:31:42,13.7000,6,61646.0000,45,B,13.6900,13.6800,13.6700,13.6600,13.6500,13.7000,13.7100,13.7200,13.7300,13.7400,8,261,316,136,626,34,363,389,161,197
SZ,000001,2019-06-28 09:31:45,13.6900,3,27380.0000,20,S,13.6800,13.6700,13.6600,13.6500,13.6400,13.6900,13.7000,13.7100,13.7200,13.7300,291,326,136,623,349,77,37,363,389,161
SZ,000001,2019-06-28 09:31:48,13.6900,5,164196.0000,120,B,13.6800,13.6700,13.6600,13.6500,13.6400,13.6900,13.7000,13.7100,13.7200,13.7300,207,326,200,630,349,60,97,363,389,161
SZ,000001,2019-06-28 09:31:51,13.6900,13,124566.0000,91,B,13.6900,13.6800,13.6700,13.6600,13.6500,13.7000,13.7100,13.7200,13.7300,13.7400,68,193,291,200,635,137,362,389,161,197
SZ,000001,2019-06-28 09:31:54,13.6800,11,141022.0000,103,S,13.6800,13.6700,13.6600,13.6500,13.6400,13.6900,13.7000,13.7100,13.7200,13.7300,179,291,200,635,349,36,114,362,389,161
SZ,000001,2019-06-28 09:31:57,13.6800,3,28730.0000,21,S,13.6800,13.6700,13.6600,13.6500,13.6400,13.6900,13.7000,13.7100,13.7200,13.7300,161,291,235,635,349,53,138,362,389,161
SZ,000001,2019-06-28 09:32:00,13.6900,8,120474.0000,88,B,13.6900,13.6800,13.6700,13.6600,13.6500,13.7000,13.7100,13.7200,13.7300,13.7400,1244,171,341,235,635,145,362,389,161,244
SZ,000001,2019-06-28 09:32:03,13.6900,8,191662.0000,140,S,13.6900,13.6800,13.6700,13.6600,13.6500,13.7000,13.7100,13.7200,13.7300,13.7400,1105,181,341,245,635,150,361,389,161,234
SZ,000001,2019-06-28 09:32:06,13.7000,3,34226.0000,25,B,13.6900,13.6800,13.6700,13.6600,13.6500,13.7000,13.7100,13.7200,13.7300,13.7400,1082,281,331,245,635,150,361,389,161,234
SZ,000001,2019-06-28 09:32:09,13.6900,11,69836.0000,51,S,13.6900,13.6800,13.6700,13.6600,13.6500,13.7000,13.7100,13.7200,13.7300,13.7400,1050,381,331,245,635,134,361,389,161,234
SZ,000001,2019-06-28 09:32:12,13.6900,6,131484.0000,96,S,13.6900,13.6800,13.6700,13.6600,13.6500,13.7000,13.7100,13.7200,13.7300,13.7400,1024,386,331,245,655,74,361,389,187,234
SZ,000001,2019-06-28 09:32:15,13.6900,15,242384.0000,177,S,13.6900,13.6800,13.6700,13.6600,13.6500,13.7000,13.7100,13.7200,13.7300,13.7400,965,386,331,245,655,61,361,389,187,234
SZ,000001,2019-06-28 09:32:18,13.6900,9,58894.0000,43,S,13.6900,13.6800,13.6700,13.6600,13.6500,13.7000,13.7100,13.7200,13.7300,13.7400,949,386,331,245,655,35,452,389,187,234
SZ,000001,2019-06-28 09:32:21,13.6900,10,67086.0000,49,S,13.6900,13.6800,13.6700,13.6600,13.6500,13.7000,13.7100,13.7200,13.7300,13.7400,906,388,431,240,655,29,452,389,487,234
SZ,000001,2019-06-28 09:32:24,13.6900,10,58900.0000,43,S,13.6900,13.6800,13.6700,13.6600,13.6500,13.7100,13.7200,13.7300,13.7400,13.7500,1015,488,431,240,655,452,389,487,234,1426
SZ,000001,2019-06-28 09:32:27,13.7000,4,124660.0000,91,B,13.6900,13.6800,13.6700,13.6600,13.6500,13.7000,13.7100,13.7200,13.7300,13.7400,1014,488,431,240,655,64,452,389,487,229
SZ,000001,2019-06-28 09:32:30,13.6900,10,680454.0000,497,S,13.6900,13.6800,13.6700,13.6600,13.6500,13.7000,13.7100,13.7200,13.7300,13.7400,585,488,431,240,655,23,452,389,487,229
SZ,000001,2019-06-28 09:32:33,13.7000,12,575644.0000,420,B,13.6900,13.6800,13.6700,13.6600,13.6500,13.7000,13.7100,13.7200,13.7300,13.7400,593,488,431,242,655,31,208,389,487,194
SZ,000001,2019-06-28 09:32:36,13.7000,11,181616.0000,133,B,13.6900,13.6800,13.6700,13.6600,13.6500,13.7000,13.7100,13.7200,13.7300,13.7400,547,489,431,242,655,1,208,379,487,194
SZ,000001,2019-06-28 09:32:39,13.6900,2,8214.0000,6,S,13.7000,13.6900,13.6800,13.6700,13.6600,13.7100,13.7200,13.7300,13.7400,13.7500,5,544,489,431,242,208,379,487,194,1426
SZ,000001,2019-06-28 09:32:42,13.6900,15,570880.0000,417,S,13.6900,13.6800,13.6700,13.6600,13.6500,13.7100,13.7200,13.7300,13.7400,13.7500,141,489,431,242,655,208,379,487,194,1649
SZ,000001,2019-06-28 09:32:45,13.7000,5,35612.0000,26,B,13.7000,13.6900,13.6800,13.6700,13.6600,13.7100,13.7200,13.7300,13.7400,13.7500,7,153,489,531,242,209,386,487,194,1749
SZ,000001,2019-06-28 09:32:48,13.7000,9,91816.0000,67,S,13.6900,13.6800,13.6700,13.6600,13.6500,13.7000,13.7100,13.7200,13.7300,13.7400,158,489,531,207,655,8,182,386,487,194
SZ,000001,2019-06-28 09:32:51,13.7100,24,100008.0000,73,B,13.7000,13.6900,13.6800,13.6700,13.6600,13.7100,13.7200,13.7300,13.7400,13.7500,1,155,489,531,207,141,386,487,194,1741
SZ,000001,2019-06-28 09:32:54,13.7000,6,13696.0000,10,S,13.7000,13.6900,13.6800,13.6700,13.6600,13.7100,13.7200,13.7300,13.7400,13.7500,9,187,494,531,197,141,386,487,194,1741
SZ,000001,2019-06-28 09:32:57,13.7000,7,41092.0000,30,B,13.6900,13.6800,13.6700,13.6600,13.6500,13.7000,13.7100,13.7200,13.7300,13.7400,177,494,531,192,655,281,157,386,487,194
SZ,000001,2019-06-28 09:33:00,13.6900,19,315468.0000,230,S,13.6800,13.6700,13.6600,13.6500,13.6400,13.6900,13.7000,13.7100,13.7200,13.7300,494,531,192,655,364,92,339,154,386,487
SZ,000001,2019-06-28 09:33:03,13.6900,1,4106.0000,3,B,13.6800,13.6700,13.6600,13.6500,13.6400,13.6900,13.7000,13.7100,13.7200,13.7300,494,531,192,655,364,102,404,154,387,487
SZ,000001,2019-06-28 09:33:06,13.6800,11,282108.0000,206,S,13.6800,13.6700,13.6600,13.6500,13.6400,13.6900,13.7000,13.7100,13.7200,13.7300,494,531,192,655,364,8,406,154,387,487
SZ,000001,2019-06-28 09:33:09,13.6900,13,231204.0000,169,B,13.6900,13.6800,13.6700,13.6600,13.6500,13.7000,13.7100,13.7200,13.7300,13.7400,25,358,531,192,655,333,154,387,487,211
SZ,000001,2019-06-28 09:33:12,13.6900,7,109468.0000,80,S,13.6900,13.6800,13.6700,13.6600,13.6500,13.7000,13.7100,13.7200,13.7300,13.7400,13,306,531,192,660,343,194,388,487,214
SZ,000001,2019-06-28 09:33:15,13.6800,8,45166.0000,33,S,13.6800,13.6700,13.6600,13.6500,13.6400,13.6900,13.7000,13.7100,13.7200,13.7300,440,531,192,660,364,16,340,218,388,497
SZ,000001,2019-06-28 09:33:18,13.7000,5,30124.0000,22,B,13.6800,13.6700,13.6600,13.6500,13.6400,13.7000,13.7100,13.7200,13.7300,13.7400,442,531,212,665,364,335,218,388,497,214
SZ,000001,2019-06-28 09:33:21,13.6900,5,28748.0000,21,S,13.6900,13.6800,13.6700,13.6600,13.6500,13.7000,13.7100,13.7200,13.7300,13.7400,23,485,431,212,665,345,127,388,497,214
SZ,000001,2019-06-28 09:33:24,13.6800,7,68440.0000,50,S,13.6800,13.6700,13.6600,13.6500,13.6400,13.6900,13.7000,13.7100,13.7200,13.7300,474,431,212,665,364,24,345,127,388,497
SZ,000001,2019-06-28 09:33:27,13.6900,10,95840.0000,70,B,13.6900,13.6800,13.6700,13.6600,13.6500,13.7000,13.7100,13.7200,13.7300,13.7400,29,484,431,212,665,383,127,388,497,394
SZ,000001,2019-06-28 09:33:30,13.7000,11,168396.0000,123,B,13.6900,13.6800,13.6700,13.6600,13.6500,13.7000,13.7100,13.7200,13.7300,13.7400,1244,484,431,212,665,389,127,388,497,394
SZ,000001,2019-06-28 09:33:33,13.6900,3,87616.0000,64,S,13.6900,13.6800,13.6700,13.6600,13.6500,13.7000,13.7100,13.7200,13.7300,13.7400,1190,504,431,212,665,399,127,388,497,454
SZ,000001,2019-06-28 09:33:36,13.6900,3,4108.0000,3,S,13.6900,13.6800,13.6700,13.6600,13.6500,13.7000,13.7100,13.7200,13.7300,13.7400,1187,514,431,212,665,561,127,388,497,454
SZ,000001,2019-06-28 09:33:39,13.6900,8,104044.0000,76,S,13.6900,13.6800,13.6700,13.6600,13.6500,13.7000,13.7100,13.7200,13.7300,13.7400,1116,546,461,212,665,571,127,388,497,439
SZ,000001,2019-06-28 09:33:42,13.6900,10,164336.0000,120,S,13.6900,13.6800,13.6700,13.6600,13.6500,13.7000,13.7100,13.7200,13.7300,13.7400,1053,544,466,212,665,529,147,388,497,442
SZ,000001,2019-06-28 09:33:45,13.6900,7,43808.0000,32,S,13.6900,13.6800,13.6700,13.6600,13.6500,13.7000,13.7100,13.7200,13.7300,13.7400,1030,595,466,212,665,520,153,388,497,442
SZ,000001,2019-06-28 09:33:48,13.6900,5,78040.0000,57,S,13.6900,13.6800,13.6700,13.6600,13.6500,13.7000,13.7100,13.7200,13.7300,13.7400,990,595,466,212,665,520,156,388,497,442
SZ,000001,2019-06-28 09:33:51,13.6900,5,167050.0000,122,S,13.6900,13.6800,13.6700,13.6600,13.6500,13.7000,13.7100,13.7200,13.7300,13.7400,906,595,466,212,655,504,156,388,497,442
SZ,000001,2019-06-28 09:33:54,13.7000,26,515112.0000,376,B,13.6900,13.6800,13.6700,13.6600,13.6500,13.7000,13.7100,13.7200,13.7300,13.7400,1661,595,466,212,652,138,126,388,497,442
SZ,000001,2019-06-28 09:33:57,13.6900,6,75332.0000,55,S,13.6900,13.6800,13.6700,13.6600,13.6500,13.7000,13.7100,13.7200,13.7300,13.7400,1645,595,466,212,662,111,126,388,497,442
SZ,000001,2019-06-28 09:34:00,13.7000,5,90414.0000,66,B,13.6900,13.6800,13.6700,13.6600,13.6500,13.7000,13.7100,13.7200,13.7300,13.7400,1652,595,416,212,662,745,326,388,497,500
SZ,000001,2019-06-28 09:34:03,13.6900,20,398508.0000,291,S,13.6900,13.6800,13.6700,13.6600,13.6500,13.7000,13.7100,13.7200,13.7300,13.7400,1523,598,416,212,662,22,326,388,497,500
SZ,000001,2019-06-28 09:34:06,13.7000,8,60244.0000,44,B,13.6900,13.6800,13.6700,13.6600,13.6500,13.7000,13.7100,13.7200,13.7300,13.7400,1488,606,416,212,662,84,326,388,497,510
SZ,000001,2019-06-28 09:34:09,13.7000,12,146544.0000,107,B,13.7000,13.6900,13.6800,13.6700,13.6600,13.7100,13.7200,13.7300,13.7400,13.7500,312,1469,606,419,212,326,388,505,510,1721
SZ,000001,2019-06-28 09:34:12,13.7000,10,72620.0000,53,S,13.7000,13.6900,13.6800,13.6700,13.6600,13.7100,13.7200,13.7300,13.7400,13.7500,299,679,608,443,212,316,388,505,500,1721
SZ,000001,2019-06-28 09:34:15,13.7000,10,98698.0000,72,S,13.7000,13.6900,13.6800,13.6700,13.6600,13.7100,13.7200,13.7300,13.7400,13.7500,284,682,608,443,212,863,458,505,500,1721
SZ,000001,2019-06-28 09:34:18,13.7000,14,513890.0000,375,S,13.7000,13.6900,13.6800,13.6700,13.6600,13.7100,13.7200,13.7300,13.7400,13.7500,64,676,625,443,212,726,458,505,500,1721
SZ,000001,2019-06-28 09:34:21,13.7000,3,27400.0000,20,S,13.7000,13.6900,13.6800,13.6700,13.6600,13.7100,13.7200,13.7300,13.7400,13.7500,126,676,623,443,212,726,458,505,500,1721
SZ,000001,2019-06-28 09:34:24,13.7000,12,208286.0000,152,S,13.6900,13.6800,13.6700,13.6600,13.6500,13.7000,13.7100,13.7200,13.7300,13.7400,676,623,443,212,713,60,706,458,505,500
SZ,000001,2019-06-28 09:34:27,13.7000,3,64384.0000,47,B,13.6900,13.6800,13.6700,13.6600,13.6500,13.7000,13.7100,13.7200,13.7300,13.7400,670,623,443,222,713,28,706,458,505,500
SZ,000001,2019-06-28 09:34:30,13.6900,13,186322.0000,136,S,13.7000,13.6900,13.6800,13.6700,13.6600,13.7100,13.7200,13.7300,13.7400,13.7500,50,663,633,443,222,786,458,505,500,1721
SZ,000001,2019-06-28 09:34:33,13.6900,4,97252.0000,71,S,13.6900,13.6800,13.6700,13.6600,13.6500,13.7000,13.7100,13.7200,13.7300,13.7400,645,633,448,222,713,56,786,458,505,510
SZ,000001,2019-06-28 09:34:36,13.7000,9,237060.0000,173,B,13.6900,13.6800,13.6700,13.6600,13.6500,13.7000,13.7100,13.7200,13.7300,13.7400,650,633,448,222,713,86,739,458,505,510
SZ,000001,2019-06-28 09:34:39,13.6800,36,1580944.0000,1155,S,13.6900,13.6800,13.6700,13.6600,13.6500,13.7000,13.7100,13.7200,13.7300,13.7400,99,249,448,222,713,5,726,457,505,510
SZ,000001,2019-06-28 09:34:42,13.7000,15,446428.0000,326,B,13.7000,13.6900,13.6800,13.6700,13.6600,13.7100,13.7200,13.7300,13.7400,13.7500,118,16,210,448,222,645,457,505,510,1721
SZ,000001,2019-06-28 09:34:45,13.7000,10,319210.0000,233,S,13.6900,13.6800,13.6700,13.6600,13.6500,13.7000,13.7100,13.7200,13.7300,13.7400,16,206,450,222,763,212,645,457,505,510
SZ,000001,2019-06-28 09:34:48,13.6900,2,31486.0000,23,S,13.6800,13.6700,13.6600,13.6500,13.6400,13.6900,13.7000,13.7100,13.7200,13.7300,211,450,222,763,384,568,368,645,457,505
SZ,000001,2019-06-28 09:34:51,13.6900,3,35580.0000,26,B,13.6800,13.6700,13.6600,13.6500,13.6400,13.6900,13.7000,13.7100,13.7200,13.7300,195,450,222,763,384,527,351,645,457,505
SZ,000001,2019-06-28 09:34:54,13.6800,1,1368.0000,1,S,13.6800,13.6700,13.6600,13.6500,13.6400,13.6900,13.7000,13.7100,13.7200,13.7300,194,450,222,763,384,549,353,645,457,505
SZ,000001,2019-06-28 09:34:57,13.6800,5,50616.0000,37,S,13.6800,13.6700,13.6600,13.6500,13.6400,13.6900,13.7000,13.7100,13.7200,13.7300,157,450,222,763,384,550,353,660,457,535
SZ,000001,2019-06-28 09:35:00,13.6700,21,336438.0000,246,S,13.6700,13.6600,13.6500,13.6400,13.6300,13.6800,13.6900,13.7000,13.7100,13.7200,361,222,763,384,282,46,575,367,660,457
SZ,000001,2019-06-28 09:35:03,13.6900,10,396504.0000,290,B,13.6700,13.6600,13.6500,13.6400,13.6300,13.6800,13.6900,13.7000,13.7100,13.7200,151,222,763,384,282,8,548,380,660,457
SZ,000001,2019-06-28 09:35:06,13.6800,44,979474.0000,717,B,13.6800,13.6500,13.6400,13.6300,13.6200,13.6900,13.7000,13.7100,13.7200,13.7300,3,511,384,282,456,549,365,660,457,535
SZ,000001,2019-06-28 09:35:09,13.6700,7,25976.0000,19,S,13.6500,13.6400,13.6300,13.6200,13.6100,13.6700,13.6800,13.6900,13.7000,13.7100,511,384,282,456,1077,26,294,570,362,660
SZ,000001,2019-06-28 09:35:12,13.6800,16,333760.0000,244,B,13.6800,13.6500,13.6400,13.6300,13.6200,13.6900,13.7000,13.7100,13.7200,13.7300,3,511,384,282,456,567,337,660,457,385
SZ,000001,2019-06-28 09:35:15,13.6600,7,54662.0000,40,S,13.6600,13.6500,13.6400,13.6300,13.6200,13.6800,13.6900,13.7000,13.7100,13.7200,42,511,384,282,456,600,567,347,115,450
SZ,000001,2019-06-28 09:35:18,13.6600,4,40982.0000,30,S,13.6600,13.6500,13.6400,13.6300,13.6200,13.6700,13.6800,13.6900,13.7000,13.7100,40,516,384,282,456,4,783,566,348,115
SZ,000001,2019-06-28 09:35:21,13.6600,17,381228.0000,279,S,13.6600,13.6500,13.6400,13.6300,13.6200,13.6800,13.6900,13.7000,13.7100,13.7200,83,511,384,282,456,951,565,368,115,451
SZ,000001,2019-06-28 09:35:24,13.6600,4,146164.0000,107,S,13.6700,13.6600,13.6500,13.6400,13.6300,13.6800,13.6900,13.7000,13.7100,13.7200,1,341,521,384,282,1497,565,368,115,451
SZ,000001,2019-06-28 09:35:27,13.6600,6,187292.0000,137,S,13.6600,13.6500,13.6400,13.6300,13.6200,13.6700,13.6800,13.6900,13.7000,13.7100,290,549,384,282,466,83,1437,89,368,115
SZ,000001,2019-06-28 09:35:30,13.6700,5,54684.0000,40,B,13.6700,13.6600,13.6500,13.6400,13.6300,13.6800,13.6900,13.7000,13.7100,13.7200,352,294,559,394,282,1434,89,368,115,524
SZ,000001,2019-06-28 09:35:33,13.6600,22,1288012.0000,942,S,13.6600,13.6500,13.6400,13.6300,13.6200,13.6700,13.6800,13.6900,13.7000,13.7100,208,569,394,282,466,186,1024,89,368,115
SZ,000001,2019-06-28 09:35:36,13.6700,15,221440.0000,162,B,13.6600,13.6500,13.6400,13.6300,13.6200,13.6700,13.6800,13.6900,13.7000,13.7100,195,569,394,282,466,69,1024,124,368,115
SZ,000001,2019-06-28 09:35:39,13.6700,14,159938.0000,117,B,13.6700,13.6600,13.6500,13.6400,13.6300,13.6800,13.6900,13.7000,13.7100,13.7200,15,231,569,394,282,1027,124,378,115,524
SZ,000001,2019-06-28 09:35:42,13.6700,28,468754.0000,343,S,13.6600,13.6500,13.6400,13.6300,13.6200,13.6700,13.6800,13.6900,13.7000,13.7100,5,572,394,282,466,108,915,123,416,115
SZ,000001,2019-06-28 09:35:45,13.6700,8,58776.0000,43,B,13.6500,13.6400,13.6300,13.6200,13.6100,13.6600,13.6700,13.6800,13.6900,13.7000,642,394,282,466,1081,1,556,914,123,416
SZ,000001,2019-06-28 09:35:48,13.6600,21,50538.0000,37,B,13.6500,13.6400,13.6300,13.6200,13.6100,13.6600,13.6700,13.6800,13.6900,13.7000,641,394,282,466,1081,59,888,910,123,415
SZ,000001,2019-06-28 09:35:51,13.6600,11,113372.0000,83,B,13.6600,13.6500,13.6400,13.6300,13.6200,13.6700,13.6800,13.6900,13.7000,13.7100,51,645,394,282,466,888,910,123,405,110
SZ,000001,2019-06-28 09:35:54,13.6600,13,498890.0000,365,S,13.6500,13.6400,13.6300,13.6200,13.6100,13.6600,13.6700,13.6800,13.6900,13.7000,657,394,282,466,1091,191,587,910,123,404
SZ,000001,2019-06-28 09:35:57,13.6600,64,1787112.0000,1309,B,13.6600,13.6400,13.6300,13.6200,13.6100,13.6700,13.6800,13.6900,13.7000,13.7100,124,231,282,468,1101,588,915,123,404,410
SZ,000001,2019-06-28 09:36:00,13.6500,16,321124.0000,235,S,13.6500,13.6400,13.6300,13.6200,13.6100,13.6600,13.6700,13.6800,13.6900,13.7000,42,231,332,468,1101,26,216,915,128,404
SZ,000001,2019-06-28 09:36:03,13.6500,4,10924.0000,8,S,13.6500,13.6400,13.6300,13.6200,13.6100,13.6600,13.6700,13.6800,13.6900,13.7000,50,281,332,468,1101,91,276,915,128,416
SZ,000001,2019-06-28 09:36:06,13.6700,17,255464.0000,187,B,13.6600,13.6500,13.6400,13.6300,13.6200,13.6700,13.6800,13.6900,13.7000,13.7100,115,280,281,332,978,254,915,128,416,393
SZ,000001,2019-06-28 09:36:09,13.6700,9,103820.0000,76,B,13.6600,13.6500,13.6400,13.6300,13.6200,13.6700,13.6800,13.6900,13.7000,13.7100,63,280,281,332,983,253,1015,128,416,393
SZ,000001,2019-06-28 09:36:12,13.6500,26,712612.0000,522,S,13.6400,13.6300,13.6200,13.6100,13.6000,13.6500,13.6700,13.6800,13.6900,13.7000,286,332,983,1109,1046,55,247,1015,148,416
SZ,000001,2019-06-28 09:36:15,13.6500,10,344232.0000,252,B,13.6500,13.6400,13.6300,13.6200,13.6100,13.6700,13.6800,13.6900,13.7000,13.7100,44,297,352,1002,1109,174,1012,148,466,393
SZ,000001,2019-06-28 09:36:18,13.6600,11,198020.0000,145,B,13.6600,13.6500,13.6400,13.6300,13.6200,13.6700,13.6800,13.6900,13.7000,13.7100,3,201,293,352,1052,183,982,148,475,393
SZ,000001,2019-06-28 09:36:21,13.6500,16,417680.0000,306,S,13.6400,13.6300,13.6200,13.6100,13.6000,13.6500,13.6600,13.6700,13.6800,13.6900,443,382,1252,1129,1066,24,52,182,982,148
SZ,000001,2019-06-28 09:36:24,13.6600,16,147416.0000,108,B,13.6500,13.6400,13.6300,13.6200,13.6100,13.6600,13.6700,13.6800,13.6900,13.7000,20,514,382,1252,1129,38,257,436,148,438
SZ,000001,2019-06-28 09:36:27,13.6500,8,711664.0000,521,S,13.6500,13.6400,13.6300,13.6200,13.6100,13.6600,13.6700,13.6800,13.6900,13.7000,37,539,382,1272,1129,84,512,436,148,438
SZ,000001,2019-06-28 09:36:30,13.6500,11,81900.0000,60,S,13.6400,13.6300,13.6200,13.6100,13.6000,13.6500,13.6600,13.6700,13.6800,13.6900,539,455,1262,1129,1139,53,105,509,436,148
SZ,000001,2019-06-28 09:36:33,13.6500,13,139188.0000,102,B,13.6400,13.6300,13.6200,13.6100,13.6000,13.6500,13.6600,13.6700,13.6800,13.6900,522,458,1262,1129,1141,208,105,509,345,148
SZ,000001,2019-06-28 09:36:36,13.6400,10,117356.0000,86,S,13.6400,13.6300,13.6200,13.6100,13.6000,13.6500,13.6600,13.6700,13.6800,13.6900,498,558,1272,1129,1151,181,105,509,345,148
SZ,000001,2019-06-28 09:36:39,13.6400,16,313732.0000,230,S,13.6400,13.6300,13.6200,13.6100,13.6000,13.6500,13.6600,13.6700,13.6800,13.6900,280,600,1287,1129,1149,177,125,509,345,148
SZ,000001,2019-06-28 09:36:42,13.6400,8,176080.0000,129,S,13.6400,13.6300,13.6200,13.6100,13.6000,13.6500,13.6600,13.6700,13.6800,13.6900,282,630,1287,1129,1159,35,125,509,345,148
SZ,000001,2019-06-28 09:36:45,13.6400,14,411936.0000,302,B,13.6300,13.6200,13.6100,13.6000,13.5900,13.6400,13.6500,13.6600,13.6700,13.6800,652,1287,1139,1159,209,221,25,135,509,345
SZ,000001,2019-06-28 09:36:48,13.6300,8,279516.0000,205,S,13.6300,13.6200,13.6100,13.6000,13.5900,13.6400,13.6500,13.6600,13.6700,13.6800,557,1294,1239,1179,209,178,43,135,509,195
SZ,000001,2019-06-28 09:36:51,13.6300,24,628348.0000,461,S,13.6300,13.6200,13.6100,13.6000,13.5900,13.6400,13.6500,13.6600,13.6700,13.6800,201,1334,1239,1164,225,437,43,135,509,195
SZ,000001,2019-06-28 09:36:54,13.6300,17,350408.0000,257,S,13.6300,13.6200,13.6100,13.6000,13.5900,13.6400,13.6500,13.6600,13.6700,13.6800,80,1334,1239,1154,245,342,43,135,509,195
SZ,000001,2019-06-28 09:36:57,13.6300,12,228968.0000,168,S,13.6200,13.6100,13.6000,13.5900,13.5800,13.6300,13.6400,13.6500,13.6600,13.6700,1322,1239,1154,265,942,4,347,38,135,254
SZ,000001,2019-06-28 09:37:00,13.6200,3,27240.0000,20,S,13.6200,13.6100,13.6000,13.5900,13.5800,13.6300,13.6400,13.6500,13.6600,13.6700,1105,1239,1154,275,942,32,347,38,135,254
SZ,000001,2019-06-28 09:37:03,13.6300,10,89968.0000,66,B,13.6300,13.6200,13.6100,13.6000,13.5900,13.6400,13.6500,13.6600,13.6700,13.6800,50,1102,1249,1162,275,363,43,144,252,189
SZ,000001,2019-06-28 09:37:06,13.6400,21,789000.0000,579,B,13.6300,13.6200,13.6100,13.6000,13.5900,13.6400,13.6500,13.6600,13.6700,13.6800,224,920,1249,1174,275,361,43,144,252,189
SZ,000001,2019-06-28 09:37:09,13.6300,8,332572.0000,244,S,13.6200,13.6100,13.6000,13.5900,13.5800,13.6300,13.6400,13.6500,13.6600,13.6700,960,1249,1229,275,942,253,361,43,135,252
SZ,000001,2019-06-28 09:37:12,13.6300,6,147124.0000,108,B,13.6200,13.6100,13.6000,13.5900,13.5800,13.6300,13.6400,13.6500,13.6600,13.6700,884,1249,1240,275,942,281,527,43,135,252
SZ,000001,2019-06-28 09:37:15,13.6200,22,1205368.0000,885,S,13.6100,13.6000,13.5900,13.5800,13.5700,13.6200,13.6300,13.6400,13.6500,13.6600,1249,1252,277,942,222,40,292,501,43,134
SZ,000001,2019-06-28 09:37:18,13.6200,14,253368.0000,186,B,13.6100,13.6000,13.5900,13.5800,13.5700,13.6200,13.6300,13.6400,13.6500,13.6600,1260,1284,287,942,222,156,330,501,43,134
SZ,000001,2019-06-28 09:37:21,13.6200,19,292828.0000,215,B,13.6100,13.6000,13.5900,13.5800,13.5700,13.6200,13.6300,13.6400,13.6500,13.6600,1310,1201,287,942,222,156,378,717,63,134
SZ,000001,2019-06-28 09:37:24,13.6200,32,1401896.0000,1030,B,13.6100,13.6000,13.5900,13.5800,13.5700,13.6200,13.6300,13.6400,13.6500,13.6600,346,1235,287,942,222,90,378,717,63,134
SZ,000001,2019-06-28 09:37:27,13.6100,13,136140.0000,100,S,13.6100,13.6000,13.5900,13.5800,13.5700,13.6200,13.6300,13.6400,13.6500,13.6600,287,1217,287,962,222,158,378,717,63,50
SZ,000001,2019-06-28 09:37:30,13.6200,6,21784.0000,16,B,13.6100,13.6000,13.5900,13.5800,13.5700,13.6200,13.6300,13.6400,13.6500,13.6600,304,1217,287,962,222,151,378,707,63,70
SZ,000001,2019-06-28 09:37:33,13.6100,25,726784.0000,534,S,13.6000,13.5900,13.5800,13.5700,13.5600,13.6100,13.6200,13.6300,13.6400,13.6500,1217,287,962,222,1391,3979,162,378,707,63
SZ,000001,2019-06-28 09:37:36,13.6100,5,57164.0000,42,B,13.6000,13.5900,13.5800,13.5700,13.5600,13.6100,13.6200,13.6300,13.6400,13.6500,1223,285,967,222,1391,3968,1162,378,705,61
SZ,000001,2019-06-28 09:37:39,13.6000,9,146892.0000,108,S,13.6000,13.5900,13.5800,13.5700,13.5600,13.6100,13.6200,13.6300,13.6400,13.6500,1127,285,971,222,1393,3983,1165,376,695,61
SZ,000001,2019-06-28 09:37:42,13.6000,4,104768.0000,77,S,13.6000,13.5900,13.5800,13.5700,13.5600,13.6100,13.6200,13.6300,13.6400,13.6500,1093,295,974,225,1393,4098,1143,376,665,61
SZ,000001,2019-06-28 09:37:45,13.6000,15,304652.0000,224,S,13.6000,13.5900,13.5800,13.5700,13.5600,13.6100,13.6200,13.6300,13.6400,13.6500,907,295,974,225,1393,4088,1143,376,665,61
SZ,000001,2019-06-28 09:37:48,13.6000,26,334580.0000,246,S,13.6000,13.5900,13.5800,13.5700,13.5600,13.6100,13.6200,13.6300,13.6400,13.6500,732,297,974,225,1393,4090,1147,337,665,61
SZ,000001,2019-06-28 09:37:51,13.6100,44,567132.0000,417,B,13.6000,13.5900,13.5800,13.5700,13.5600,13.6100,13.6200,13.6300,13.6400,13.6500,333,297,981,243,1403,4098,1147,337,260,61
SZ,000001,2019-06-28 09:37:54,13.6000,38,418900.0000,308,S,13.6000,13.5900,13.5800,13.5700,13.5600,13.6100,13.6200,13.6300,13.6400,13.6500,1,281,982,243,1603,4069,1145,335,258,61
SZ,000001,2019-06-28 09:37:57,13.6000,43,1197248.0000,881,S,13.5800,13.5700,13.5600,13.5500,13.5400,13.6000,13.6100,13.6200,13.6300,13.6400,633,258,1603,707,157,194,3998,148,335,42
SZ,000001,2019-06-28 09:38:00,13.6000,10,280160.0000,206,B,13.5900,13.5800,13.5700,13.5600,13.5500,13.6000,13.6100,13.6200,13.6300,13.6400,22,634,258,1603,707,40,4006,148,335,42
SZ,000001,2019-06-28 09:38:03,13.6000,11,100584.0000,74,B,13.5900,13.5800,13.5700,13.5600,13.5500,13.6000,13.6100,13.6200,13.6300,13.6400,52,629,323,1603,777,124,4006,148,335,38
SZ,000001,2019-06-28 09:38:06,13.6100,29,570760.0000,420,B,13.6000,13.5900,13.5800,13.5700,13.5600,13.6100,13.6200,13.6300,13.6400,13.6500,40,71,469,1361,1605,4104,158,335,38,61
SZ,000001,2019-06-28 09:38:09,13.6000,7,48960.0000,36,S,13.6000,13.5900,13.5800,13.5700,13.5600,13.6100,13.6200,13.6300,13.6400,13.6500,64,75,471,1484,1608,4107,158,335,38,61
SZ,000001,2019-06-28 09:38:12,13.6100,7,89784.0000,66,B,13.6000,13.5900,13.5800,13.5700,13.5600,13.6100,13.6200,13.6300,13.6400,13.6500,19,85,473,1484,1618,4087,158,335,38,61
SZ,000001,2019-06-28 09:38:15,13.6000,11,115632.0000,85,S,13.5900,13.5800,13.5700,13.5600,13.5500,13.6000,13.6100,13.6200,13.6300,13.6400,538,736,1487,1618,807,27,4053,158,325,38
SZ,000001,2019-06-28 09:38:18,13.6000,13,530592.0000,390,B,13.6000,13.5900,13.5800,13.5700,13.5600,13.6100,13.6200,13.6300,13.6400,13.6500,605,639,723,1487,1618,3860,158,325,38,61
SZ,000001,2019-06-28 09:38:21,13.6000,21,1135896.0000,835,S,13.5900,13.5800,13.5700,13.5600,13.5500,13.6000,13.6100,13.6200,13.6300,13.6400,519,731,1507,1623,807,48,3565,158,325,33
SZ,000001,2019-06-28 09:38:24,13.6000,21,203928.0000,150,B,13.6000,13.5900,13.5800,13.5700,13.5600,13.6100,13.6200,13.6300,13.6400,13.6500,44,460,792,1507,1625,3555,155,325,33,61
SZ,000001,2019-06-28 09:38:27,13.6000,2,28560.0000,21,S,13.6000,13.5900,13.5800,13.5700,13.5600,13.6100,13.6200,13.6300,13.6400,13.6500,201,384,1042,1510,1625,3555,71,276,33,61
SZ,000001,2019-06-28 09:38:30,13.6000,3,48960.0000,36,S,13.6000,13.5900,13.5800,13.5700,13.5600,13.6100,13.6200,13.6300,13.6400,13.6500,300,404,1109,1519,1628,3607,71,276,33,71
SZ,000001,2019-06-28 09:38:33,13.6000,9,333388.0000,245,S,13.6000,13.5900,13.5800,13.5700,13.5600,13.6100,13.6200,13.6300,13.6400,13.6500,542,419,1179,1519,1628,3424,71,276,33,71
SZ,000001,2019-06-28 09:38:36,13.6000,8,231296.0000,170,S,13.6000,13.5900,13.5800,13.5700,13.5600,13.6100,13.6200,13.6300,13.6400,13.6500,606,430,1194,1509,1658,3327,71,276,33,71
SZ,000001,2019-06-28 09:38:39,13.6100,6,310284.0000,228,B,13.6000,13.5900,13.5800,13.5700,13.5600,13.6100,13.6200,13.6300,13.6400,13.6500,719,421,1204,1549,1680,3124,71,276,33,71
SZ,000001,2019-06-28 09:38:42,13.6100,13,179584.0000,132,B,13.6000,13.5900,13.5800,13.5700,13.5600,13.6100,13.6200,13.6300,13.6400,13.6500,1075,381,1209,1549,1680,3076,71,276,33,71
SZ,000001,2019-06-28 09:38:45,13.6000,11,776956.0000,571,S,13.6000,13.5900,13.5800,13.5700,13.5600,13.6100,13.6200,13.6300,13.6400,13.6500,940,382,1246,1549,1680,2683,71,276,33,71
SZ,000001,2019-06-28 09:38:48,13.6100,5,106156.0000,78,B,13.6000,13.5900,13.5800,13.5700,13.5600,13.6100,13.6200,13.6300,13.6400,13.6500,956,392,1246,1549,1680,2605,71,276,33,71
SZ,000001,2019-06-28 09:38:51,13.6000,3,220444.0000,162,S,13.6000,13.5900,13.5800,13.5700,13.5600,13.6100,13.6200,13.6300,13.6400,13.6500,980,403,1268,1549,1700,2495,71,276,33,81
SZ,000001,2019-06-28 09:38:54,13.6100,4,87104.0000,64,B,13.6000,13.5900,13.5800,13.5700,13.5600,13.6100,13.6200,13.6300,13.6400,13.6500,990,403,1268,1546,1700,2331,71,276,33,81
SZ,000001,2019-06-28 09:38:57,13.6000,6,77548.0000,57,S,13.6000,13.5900,13.5800,13.5700,13.5600,13.6100,13.6200,13.6300,13.6400,13.6500,986,427,1278,1546,1700,2326,71,276,33,86
SZ,000001,2019-06-28 09:39:00,13.6100,7,616520.0000,453,B,13.6000,13.5900,13.5800,13.5700,13.5600,13.6100,13.6200,13.6300,13.6400,13.6500,995,427,1278,1546,1700,1913,71,276,33,86
SZ,000001,2019-06-28 09:39:03,13.6100,9,308736.0000,227,B,13.6000,13.5900,13.5800,13.5700,13.5600,13.6100,13.6200,13.6300,13.6400,13.6500,794,429,1023,1546,1720,1911,68,276,33,86
SZ,000001,2019-06-28 09:39:06,13.6000,6,193248.0000,142,S,13.6000,13.5900,13.5800,13.5700,13.5600,13.6100,13.6200,13.6300,13.6400,13.6500,783,423,1023,1546,1820,1801,68,276,33,86
SZ,000001,2019-06-28 09:39:09,13.6000,5,149608.0000,110,S,13.6000,13.5900,13.5800,13.5700,13.5600,13.6100,13.6200,13.6300,13.6400,13.6500,962,413,1045,1546,1820,2032,68,276,33,88
SZ,000001,2019-06-28 09:39:12,13.6100,9,657304.0000,483,B,13.6000,13.5900,13.5800,13.5700,13.5600,13.6100,13.6200,13.6300,13.6400,13.6500,915,418,945,1607,1822,1614,81,276,33,88
SZ,000001,2019-06-28 09:39:15,13.6100,9,61216.0000,45,B,13.6000,13.5900,13.5800,13.5700,13.5600,13.6100,13.6200,13.6300,13.6400,13.6500,896,474,945,1607,1822,1718,81,276,33,88
SZ,000001,2019-06-28 09:39:18,13.6000,4,54400.0000,40,S,13.6000,13.5900,13.5800,13.5700,13.5600,13.6100,13.6200,13.6300,13.6400,13.6500,883,974,955,1600,1822,1733,81,276,33,88
SZ,000001,2019-06-28 09:39:21,13.6000,4,53064.0000,39,S,13.6000,13.5900,13.5800,13.5700,13.5600,13.6100,13.6200,13.6300,13.6400,13.6500,876,880,975,1600,1822,1706,81,276,33,128
SZ,000001,2019-06-28 09:39:24,13.6000,6,327768.0000,241,S,13.6000,13.5900,13.5800,13.5700,13.5600,13.6100,13.6200,13.6300,13.6400,13.6500,693,915,975,1600,1822,1698,81,276,33,128
SZ,000001,2019-06-28 09:39:27,13.6000,2,296680.0000,218,S,13.6000,13.5900,13.5800,13.5700,13.5600,13.6100,13.6200,13.6300,13.6400,13.6500,684,915,1007,1600,1827,1504,81,276,33,128
SZ,000001,2019-06-28 09:39:30,13.6000,10,707636.0000,520,S,13.6000,13.5900,13.5800,13.5700,13.5600,13.6100,13.6200,13.6300,13.6400,13.6500,624,943,1010,1600,1830,1071,81,276,33,128
SZ,000001,2019-06-28 09:39:33,13.6100,5,127932.0000,94,B,13.6000,13.5900,13.5800,13.5700,13.5600,13.6100,13.6200,13.6300,13.6400,13.6500,636,943,1040,1601,1840,978,81,276,33,128
SZ,000001,2019-06-28 09:39:36,13.6100,62,1345272.0000,989,B,13.6000,13.5900,13.5800,13.5700,13.5600,13.6100,13.6200,13.6300,13.6400,13.6500,140,943,1040,1601,1845,748,81,276,33,128
SZ,000001,2019-06-28 09:39:39,13.6000,5,96568.0000,71,S,13.6000,13.5900,13.5800,13.5700,13.5600,13.6100,13.6200,13.6300,13.6400,13.6500,724,943,1038,1601,1845,779,81,276,33,128
SZ,000001,2019-06-28 09:39:42,13.6100,17,583608.0000,429,B,13.6000,13.5900,13.5800,13.5700,13.5600,13.6100,13.6200,13.6300,13.6400,13.6500,491,941,1076,1601,1845,612,78,276,33,128
SZ,000001,2019-06-28 09:39:45,13.6000,7,99300.0000,73,S,13.6000,13.5900,13.5800,13.5700,13.5600,13.6100,13.6200,13.6300,13.6400,13.6500,458,941,1081,1601,1845,594,78,276,33,128
SZ,000001,2019-06-28 09:39:48,13.6100,4,20412.0000,15,B,13.6000,13.5900,13.5800,13.5700,13.5600,13.6100,13.6200,13.6300,13.6400,13.6500,458,961,1081,1610,1845,579,78,276,33,135
SZ,000001,2019-06-28 09:39:51,13.5900,16,670488.0000,493,S,13.5900,13.5800,13.5700,13.5600,13.5500,13.6000,13.6100,13.6200,13.6300,13.6400,980,1086,1610,1855,1041,31,564,78,276,33
SZ,000001,2019-06-28 09:39:54,13.6000,7,38072.0000,28,B,13.5900,13.5800,13.5700,13.5600,13.5500,13.6000,13.6100,13.6200,13.6300,13.6400,1006,1086,1610,1865,1041,93,534,78,276,33
SZ,000001,2019-06-28 09:39:57,13.6000,12,107400.0000,79,B,13.5900,13.5800,13.5700,13.5600,13.5500,13.6000,13.6100,13.6200,13.6300,13.6400,964,1086,1610,1865,1041,181,534,78,276,33
SZ,000001,2019-06-28 09:40:00,13.5900,14,188992.0000,139,S,13.5900,13.5800,13.5700,13.5600,13.5500,13.6000,13.6100,13.6200,13.6300,13.6400,917,1080,1610,1866,1041,90,421,78,277,33
SZ,000001,2019-06-28 09:40:03,13.5900,11,184944.0000,136,S,13.5900,13.5800,13.5700,13.5600,13.5500,13.6000,13.6100,13.6200,13.6300,13.6400,902,1090,1610,1866,1041,198,501,78,277,33
SZ,000001,2019-06-28 09:40:06,13.5900,25,612968.0000,451,S,13.5900,13.5800,13.5700,13.5600,13.5500,13.6000,13.6100,13.6200,13.6300,13.6400,514,1094,1610,1866,1041,391,243,78,277,33
SZ,000001,2019-06-28 09:40:09,13.5800,34,947352.0000,697,S,13.5800,13.5700,13.5600,13.5500,13.5400,13.6000,13.6100,13.6200,13.6300,13.6400,1076,1610,1866,1041,168,240,243,78,277,33
SZ,000001,2019-06-28 09:40:12,13.5900,3,48924.0000,36,B,13.5900,13.5800,13.5700,13.5600,13.5500,13.6000,13.6100,13.6200,13.6300,13.6400,65,1103,1610,1866,1036,241,243,78,277,33
SZ,000001,2019-06-28 09:40:15,13.6000,6,154932.0000,114,B,13.5900,13.5800,13.5700,13.5600,13.5500,13.6000,13.6100,13.6200,13.6300,13.6400,133,1104,1531,1866,1036,236,243,78,277,33
SZ,000001,2019-06-28 09:40:18,13.5900,31,983220.0000,723,S,13.5800,13.5700,13.5600,13.5500,13.5400,13.5900,13.6000,13.6100,13.6200,13.6300,1109,1531,1866,1036,168,2,1,29,78,281
SZ,000001,2019-06-28 09:40:21,13.5900,3,27180.0000,20,B,13.5900,13.5800,13.5700,13.5600,13.5500,13.6000,13.6100,13.6200,13.6300,13.6400,6,1209,1531,1875,1041,31,120,78,281,33
SZ,000001,2019-06-28 09:40:24,13.5900,4,10872.0000,8,S,13.5800,13.5700,13.5600,13.5500,13.5400,13.5900,13.6000,13.6100,13.6200,13.6300,1209,1531,1855,1041,168,20,123,120,78,91
SZ,000001,2019-06-28 09:40:27,13.5900,4,21744.0000,16,B,13.5800,13.5700,13.5600,13.5500,13.5400,13.5900,13.6000,13.6100,13.6200,13.6300,1204,1533,1855,1053,168,37,134,120,78,87
SZ,000001,2019-06-28 09:40:30,13.5900,6,89692.0000,66,B,13.5800,13.5700,13.5600,13.5500,13.5400,13.5900,13.6000,13.6100,13.6200,13.6300,1212,1533,1855,1053,168,15,134,120,78,87
SZ,000001,2019-06-28 09:40:33,13.5800,24,282500.0000,208,S,13.5900,13.5800,13.5700,13.5600,13.5500,13.6000,13.6100,13.6200,13.6300,13.6400,22,1039,1533,1855,1083,131,120,78,87,33
SZ,000001,2019-06-28 09:40:36,13.5800,12,160304.0000,118,S,13.5800,13.5700,13.5600,13.5500,13.5400,13.5900,13.6000,13.6100,13.6200,13.6300,962,1533,1855,1088,183,13,43,120,78,87
SZ,000001,2019-06-28 09:40:39,13.5800,15,461724.0000,340,S,13.5800,13.5700,13.5600,13.5500,13.5400,13.5900,13.6000,13.6100,13.6200,13.6300,746,1533,1855,1091,183,114,76,120,78,87
SZ,000001,2019-06-28 09:40:42,13.5900,12,168508.0000,124,B,13.5900,13.5800,13.5700,13.5600,13.5500,13.6000,13.6100,13.6200,13.6300,13.6400,122,780,1533,1855,1096,76,120,78,87,33
SZ,000001,2019-06-28 09:40:45,13.5900,6,173952.0000,128,S,13.5900,13.5800,13.5700,13.5600,13.5500,13.6000,13.6100,13.6200,13.6300,13.6400,94,800,1533,1855,1096,86,125,78,87,33
SZ,000001,2019-06-28 09:40:48,13.5900,8,293548.0000,216,S,13.5800,13.5700,13.5600,13.5500,13.5400,13.5900,13.6000,13.6100,13.6200,13.6300,800,1533,1853,1134,203,28,84,125,78,87
SZ,000001,2019-06-28 09:40:51,13.5800,2,28516.0000,21,S,13.5800,13.5700,13.5600,13.5500,13.5400,13.5900,13.6000,13.6100,13.6200,13.6300,819,1533,1840,1134,203,48,84,125,78,87
SZ,000001,2019-06-28 09:40:54,13.6000,9,119592.0000,88,B,13.5900,13.5800,13.5700,13.5600,13.5500,13.6000,13.6100,13.6200,13.6300,13.6400,48,818,1533,1840,1134,133,125,68,87,33
SZ,000001,2019-06-28 09:40:57,13.5900,2,43488.0000,32,S,13.5900,13.5800,13.5700,13.5600,13.5500,13.6000,13.6100,13.6200,13.6300,13.6400,18,881,1651,1840,1129,383,125,68,87,33
SZ,000001,2019-06-28 09:41:00,13.5900,9,53000.0000,39,S,13.5800,13.5700,13.5600,13.5500,13.5400,13.5900,13.6000,13.6100,13.6200,13.6300,891,1651,1848,1129,208,6,378,125,68,87
SZ,000001,2019-06-28 09:41:03,13.5900,8,107320.0000,79,B,13.5800,13.5700,13.5600,13.5500,13.5400,13.5900,13.6000,13.6100,13.6200,13.6300,872,1651,1848,1129,208,66,378,125,68,87
SZ,000001,2019-06-28 09:41:06,13.5900,1,27184.0000,20,B,13.5800,13.5700,13.5600,13.5500,13.5400,13.5900,13.6000,13.6100,13.6200,13.6300,904,1651,1848,1129,208,70,393,125,68,87
SZ,000001,2019-06-28 09:41:09,13.5900,11,116872.0000,86,B,13.5900,13.5800,13.5700,13.5600,13.5500,13.6000,13.6100,13.6200,13.6300,13.6400,21,1013,1651,1851,1137,421,125,68,87,56
SZ,000001,2019-06-28 09:41:12,13.5900,10,218664.0000,161,S,13.5800,13.5700,13.5600,13.5500,13.5400,13.5900,13.6000,13.6100,13.6200,13.6300,855,1651,1901,1147,450,99,433,125,68,87
SZ,000001,2019-06-28 09:41:15,13.5900,3,69304.0000,51,B,13.5800,13.5700,13.5600,13.5500,13.5400,13.5900,13.6000,13.6100,13.6200,13.6300,857,1671,1901,1147,450,123,565,125,68,87
SZ,000001,2019-06-28 09:41:18,13.5900,11,111400.0000,82,B,13.5800,13.5700,13.5600,13.5500,13.5400,13.5900,13.6000,13.6100,13.6200,13.6300,1260,1684,1901,1153,450,184,583,125,68,87
SZ,000001,2019-06-28 09:41:21,13.5900,8,33976.0000,25,B,13.5800,13.5700,13.5600,13.5500,13.5400,13.5900,13.6000,13.6100,13.6200,13.6300,1276,1684,1901,1153,450,461,700,125,68,117
SZ,000001,2019-06-28 09:41:24,13.5900,11,144016.0000,106,B,13.5800,13.5700,13.5600,13.5500,13.5400,13.5900,13.6000,13.6100,13.6200,13.6300,1291,1684,1901,1163,450,408,1753,125,68,117
SZ,000001,2019-06-28 09:41:27,13.5800,16,187424.0000,138,S,13.5800,13.5700,13.5600,13.5500,13.5400,13.5900,13.6000,13.6100,13.6200,13.6300,1190,1681,1901,1163,450,405,1753,125,68,117
SZ,000001,2019-06-28 09:41:30,13.5900,2,14952.0000,11,B,13.5800,13.5700,13.5600,13.5500,13.5400,13.5900,13.6000,13.6100,13.6200,13.6300,1205,1651,1902,1163,450,405,1763,125,68,117
SZ,000001,2019-06-28 09:41:33,13.5800,7,158992.0000,117,S,13.5800,13.5700,13.5600,13.5500,13.5400,13.5900,13.6000,13.6100,13.6200,13.6300,1204,1651,1902,1163,450,356,1763,125,68,117
SZ,000001,2019-06-28 09:41:36,13.5900,28,849192.0000,625,B,13.5900,13.5800,13.5700,13.5600,13.5500,13.6000,13.6100,13.6200,13.6300,13.6400,588,1038,1671,1902,1176,1861,125,68,117,56
SZ,000001,2019-06-28 09:41:39,13.6000,13,456960.0000,336,B,13.5900,13.5800,13.5700,13.5600,13.5500,13.6000,13.6100,13.6200,13.6300,13.6400,591,1043,1671,1902,1282,1525,125,68,117,56
SZ,000001,2019-06-28 09:41:42,13.6000,13,338632.0000,249,B,13.5900,13.5800,13.5700,13.5600,13.5500,13.6000,13.6100,13.6200,13.6300,13.6400,656,1173,1681,1902,1287,1282,125,68,117,56
SZ,000001,2019-06-28 09:41:45,13.5900,11,231040.0000,170,S,13.5900,13.5800,13.5700,13.5600,13.5500,13.6000,13.6100,13.6200,13.6300,13.6400,524,1216,1681,1917,1397,1283,125,68,117,56
SZ,000001,2019-06-28 09:41:48,13.5900,11,130544.0000,96,S,13.5900,13.5800,13.5700,13.5600,13.5500,13.6000,13.6100,13.6200,13.6300,13.6400,512,1222,1671,1922,1402,1222,125,68,117,56
SZ,000001,2019-06-28 09:41:51,13.6000,3,187544.0000,138,B,13.5900,13.5800,13.5700,13.5600,13.5500,13.6000,13.6100,13.6200,13.6300,13.6400,428,809,1671,1922,1402,1314,125,68,117,56
SZ,000001,2019-06-28 09:41:54,13.6000,6,375336.0000,276,B,13.5900,13.5800,13.5700,13.5600,13.5500,13.6000,13.6100,13.6200,13.6300,13.6400,829,825,1671,1922,1407,1067,125,68,117,56
SZ,000001,2019-06-28 09:41:57,13.6000,7,258400.0000,190,B,13.5900,13.5800,13.5700,13.5600,13.5500,13.6000,13.6100,13.6200,13.6300,13.6400,857,896,1671,1922,1407,877,125,68,87,56
SZ,000001,2019-06-28 09:42:00,13.5900,35,1577800.0000,1161,S,13.5800,13.5700,13.5600,13.5500,13.5400,13.5900,13.6000,13.6100,13.6200,13.6300,937,1651,1932,1408,555,285,877,125,68,87
SZ,000001,2019-06-28 09:42:03,13.5900,7,42128.0000,31,B,13.5800,13.5700,13.5600,13.5500,13.5400,13.5900,13.6000,13.6100,13.6200,13.6300,1016,1648,1930,1408,555,315,782,125,68,87
SZ,000001,2019-06-28 09:42:06,13.5800,15,228160.0000,168,S,13.5800,13.5700,13.5600,13.5500,13.5400,13.5900,13.6000,13.6100,13.6200,13.6300,935,1648,1940,1408,555,320,807,125,70,87
SZ,000001,2019-06-28 09:42:09,13.5900,8,130440.0000,96,B,13.5800,13.5700,13.5600,13.5500,13.5400,13.5900,13.6000,13.6100,13.6200,13.6300,943,1658,1942,1428,555,246,817,125,70,87
SZ,000001,2019-06-28 09:42:12,13.5900,3,35336.0000,26,B,13.5800,13.5700,13.5600,13.5500,13.5400,13.5900,13.6000,13.6100,13.6200,13.6300,1059,1658,1952,1438,555,229,822,125,70,87
SZ,000001,2019-06-28 09:42:15,13.5900,5,125024.0000,92,B,13.5800,13.5700,13.5600,13.5500,13.5400,13.5900,13.6000,13.6100,13.6200,13.6300,1079,1658,1952,1438,555,157,821,125,70,87
SZ,000001,2019-06-28 09:42:18,13.5900,13,210640.0000,155,B,13.5800,13.5700,13.5600,13.5500,13.5400,13.5900,13.6000,13.6100,13.6200,13.6300,1087,1653,1952,1440,613,7,1131,125,70,87
SZ,000001,2019-06-28 09:42:21,13.5900,8,92304.0000,68,B,13.5900,13.5800,13.5700,13.5600,13.5500,13.6000,13.6100,13.6200,13.6300,13.6400,5,1047,1765,1952,1442,1132,125,70,87,56
SZ,000001,2019-06-28 09:42:24,13.5900,67,1256592.0000,925,S,13.5800,13.5700,13.5600,13.5500,13.5400,13.5900,13.6000,13.6100,13.6200,13.6300,340,1667,1955,1442,613,3,983,125,70,87
SZ,000001,2019-06-28 09:42:27,13.5900,2,6800.0000,5,B,13.5900,13.5800,13.5700,13.5600,13.5500,13.6000,13.6100,13.6200,13.6300,13.6400,161,355,1667,1955,1442,983,125,70,87,64
SZ,000001,2019-06-28 09:42:30,13.5900,3,24464.0000,18,S,13.5900,13.5800,13.5700,13.5600,13.5500,13.6000,13.6100,13.6200,13.6300,13.6400,383,384,1667,1953,1443,985,125,70,87,64
SZ,000001,2019-06-28 09:42:33,13.5900,2,17664.0000,13,S,13.5900,13.5800,13.5700,13.5600,13.5500,13.6000,13.6100,13.6200,13.6300,13.6400,893,404,1662,1953,1443,982,125,70,87,64
SZ,000001,2019-06-28 09:42:36,13.6000,3,133232.0000,98,B,13.5900,13.5800,13.5700,13.5600,13.5500,13.6000,13.6100,13.6200,13.6300,13.6400,860,401,1662,2005,1423,932,125,70,87,64
SZ,000001,2019-06-28 09:42:39,13.6000,17,1283752.0000,944,B,13.6000,13.5900,13.5800,13.5700,13.5600,13.6100,13.6200,13.6300,13.6400,13.6500,104,667,438,1662,2005,135,70,87,64,170
SZ,000001,2019-06-28 09:42:42,13.6000,6,73440.0000,54,S,13.6000,13.5900,13.5800,13.5700,13.5600,13.6100,13.6200,13.6300,13.6400,13.6500,149,675,461,1662,2005,135,70,87,64,190
SZ,000001,2019-06-28 09:42:45,13.6100,3,42184.0000,31,B,13.6000,13.5900,13.5800,13.5700,13.5600,13.6100,13.6200,13.6300,13.6400,13.6500,325,675,471,1669,2005,108,70,87,64,190
SZ,000001,2019-06-28 09:42:48,13.6000,3,24488.0000,18,S,13.6000,13.5900,13.5800,13.5700,13.5600,13.6100,13.6200,13.6300,13.6400,13.6500,312,679,500,1671,2005,106,70,87,64,190
SZ,000001,2019-06-28 09:42:51,13.6000,2,16320.0000,12,S,13.6000,13.5900,13.5800,13.5700,13.5600,13.6100,13.6200,13.6300,13.6400,13.6500,317,265,503,1669,2005,15,70,87,64,190
SZ,000001,2019-06-28 09:42:54,13.6100,7,329360.0000,242,B,13.6100,13.6000,13.5900,13.5800,13.5700,13.6200,13.6300,13.6400,13.6500,13.6600,48,737,278,484,1667,70,87,64,190,55
SZ,000001,2019-06-28 09:42:57,13.6100,2,16328.0000,12,S,13.6100,13.6000,13.5900,13.5800,13.5700,13.6200,13.6300,13.6400,13.6500,13.6600,43,747,278,579,1667,70,87,64,190,55
SZ,000001,2019-06-28 09:43:00,13.6100,1,5448.0000,4,S,13.6100,13.6000,13.5900,13.5800,13.5700,13.6200,13.6300,13.6400,13.6500,13.6600,53,793,277,579,1677,70,87,130,190,55
SZ,000001,2019-06-28 09:43:03,13.6200,3,23144.0000,17,B,13.6100,13.6000,13.5900,13.5800,13.5700,13.6200,13.6300,13.6400,13.6500,13.6600,72,764,276,579,1677,64,87,130,190,55
SZ,000001,2019-06-28 09:43:06,13.6200,2,32688.0000,24,B,13.6100,13.6000,13.5900,13.5800,13.5700,13.6200,13.6300,13.6400,13.6500,13.6600,183,814,177,597,1677,40,82,130,227,55
SZ,000001,2019-06-28 09:43:09,13.6100,15,95312.0000,70,S,13.6100,13.6000,13.5900,13.5800,13.5700,13.6200,13.6300,13.6400,13.6500,13.6600,160,846,291,597,1677,3,82,130,227,55
SZ,000001,2019-06-28 09:43:12,13.6100,15,274920.0000,202,S,13.6100,13.6000,13.5900,13.5800,13.5700,13.6200,13.6300,13.6400,13.6500,13.6600,11,856,711,606,1680,1,82,130,222,55
SZ,000001,2019-06-28 09:43:15,13.6200,6,106216.0000,78,B,13.6100,13.6000,13.5900,13.5800,13.5700,13.6200,13.6300,13.6400,13.6500,13.6600,1,856,700,628,1673,28,82,130,222,55
SZ,000001,2019-06-28 09:43:18,13.6100,9,57160.0000,42,S,13.6000,13.5900,13.5800,13.5700,13.5600,13.6100,13.6200,13.6300,13.6400,13.6500,871,700,827,1673,2026,56,78,82,130,232
SZ,000001,2019-06-28 09:43:21,13.6100,9,100672.0000,74,B,13.6000,13.5900,13.5800,13.5700,13.5600,13.6100,13.6200,13.6300,13.6400,13.6500,866,695,827,1673,2026,22,188,82,130,232
SZ,000001,2019-06-28 09:43:24,13.6100,3,42168.0000,31,B,13.6000,13.5900,13.5800,13.5700,13.5600,13.6100,13.6200,13.6300,13.6400,13.6500,868,698,827,1673,2026,17,261,82,130,232
SZ,000001,2019-06-28 09:43:27,13.6100,7,83024.0000,61,B,13.6100,13.6000,13.5900,13.5800,13.5700,13.6200,13.6300,13.6400,13.6500,13.6600,44,869,304,827,1673,261,82,130,232,55
SZ,000001,2019-06-28 09:43:30,13.6100,12,87112.0000,64,S,13.6100,13.6000,13.5900,13.5800,13.5700,13.6200,13.6300,13.6400,13.6500,13.6600,2,898,304,827,1673,278,82,130,237,55
SZ,000001,2019-06-28 09:43:33,13.6100,11,212320.0000,156,S,13.6000,13.5900,13.5800,13.5700,13.5600,13.6100,13.6200,13.6300,13.6400,13.6500,923,310,831,1673,2026,112,284,92,130,237
SZ,000001,2019-06-28 09:43:36,13.6100,2,39464.0000,29,B,13.6000,13.5900,13.5800,13.5700,13.5600,13.6100,13.6200,13.6300,13.6400,13.6500,973,310,831,1677,2026,83,284,92,130,237
SZ,000001,2019-06-28 09:43:39,13.6000,6,104728.0000,77,S,13.6000,13.5900,13.5800,13.5700,13.5600,13.6100,13.6200,13.6300,13.6400,13.6500,908,1310,832,1677,2032,100,284,92,130,237
SZ,000001,2019-06-28 09:43:42,13.6100,1,68056.0000,50,B,13.6000,13.5900,13.5800,13.5700,13.5600,13.6100,13.6200,13.6300,13.6400,13.6500,1020,1310,842,1677,2032,50,284,92,130,217
SZ,000001,2019-06-28 09:43:45,13.6000,9,145584.0000,107,S,13.6000,13.5900,13.5800,13.5700,13.5600,13.6200,13.6300,13.6400,13.6500,13.6600,994,1312,842,1677,2022,178,92,130,217,55
SZ,000001,2019-06-28 09:43:48,13.6000,1,2720.0000,2,S,13.6100,13.6000,13.5900,13.5800,13.5700,13.6200,13.6300,13.6400,13.6500,13.6600,431,1027,1309,842,1677,178,92,130,217,55
SZ,000001,2019-06-28 09:43:51,13.6100,2,8160.0000,6,S,13.6100,13.6000,13.5900,13.5800,13.5700,13.6200,13.6300,13.6400,13.6500,13.6600,428,592,1303,842,1677,178,92,130,217,55
SZ,000001,2019-06-28 09:43:57,13.6100,6,247760.0000,182,S,13.6100,13.6000,13.5900,13.5800,13.5700,13.6200,13.6300,13.6400,13.6500,13.6600,728,598,1303,842,1677,129,182,130,217,55
SZ,000001,2019-06-28 09:44:00,13.6300,24,457808.0000,336,B,13.6300,13.6100,13.6000,13.5900,13.5800,13.6400,13.6500,13.6600,13.6700,13.6800,94,716,600,1303,866,130,217,55,117,341
SZ,000001,2019-06-28 09:44:03,13.6300,9,189424.0000,139,S,13.6100,13.6000,13.5900,13.5800,13.5700,13.6300,13.6400,13.6500,13.6600,13.6700,707,611,1306,876,1677,58,134,217,55,117
SZ,000001,2019-06-28 09:44:06,13.6300,5,85752.0000,63,B,13.6200,13.6100,13.6000,13.5900,13.5800,13.6300,13.6400,13.6500,13.6600,13.6700,2,647,608,1309,960,56,154,217,55,117
SZ,000001,2019-06-28 09:44:09,13.6300,3,74864.0000,55,B,13.6300,13.6100,13.6000,13.5900,13.5800,13.6400,13.6500,13.6600,13.6700,13.6800,9,611,616,1309,960,154,217,55,117,341
SZ,000001,2019-06-28 09:44:12,13.6200,9,121232.0000,89,S,13.6200,13.6100,13.6000,13.5900,13.5800,13.6300,13.6400,13.6500,13.6600,13.6700,129,628,917,1309,972,15,154,217,55,117
SZ,000001,2019-06-28 09:44:15,13.6300,3,17712.0000,13,B,13.6200,13.6100,13.6000,13.5900,13.5800,13.6300,13.6400,13.6500,13.6600,13.6700,124,636,918,1313,972,9,154,217,55,117
SZ,000001,2019-06-28 09:44:18,13.6200,6,149832.0000,110,S,13.6200,13.6100,13.6000,13.5900,13.5800,13.6400,13.6500,13.6600,13.6700,13.6800,28,649,920,1313,1022,154,197,55,117,341
SZ,000001,2019-06-28 09:44:21,13.6400,7,27280.0000,20,B,13.6300,13.6200,13.6100,13.6000,13.5900,13.6400,13.6500,13.6600,13.6700,13.6800,5,40,237,973,1312,134,197,55,117,341
SZ,000001,2019-06-28 09:44:24,13.6300,9,39536.0000,29,S,13.6300,13.6200,13.6100,13.6000,13.5900,13.6400,13.6500,13.6600,13.6700,13.6800,401,89,234,1073,1318,126,197,55,117,341
SZ,000001,2019-06-28 09:44:27,13.6300,8,538440.0000,395,S,13.6300,13.6200,13.6100,13.6000,13.5900,13.6400,13.6500,13.6600,13.6700,13.6800,63,109,206,1075,1318,71,197,55,117,341
SZ,000001,2019-06-28 09:44:30,13.6300,1,1360.0000,1,S,13.6300,13.6200,13.6100,13.6000,13.5900,13.6400,13.6500,13.6600,13.6700,13.6800,72,103,206,1075,1318,141,197,55,117,341
SZ,000001,2019-06-28 09:44:36,13.6400,2,43648.0000,32,B,13.6300,13.6200,13.6100,13.6000,13.5900,13.6400,13.6500,13.6600,13.6700,13.6800,103,113,226,1300,1326,110,197,55,127,341
SZ,000001,2019-06-28 09:44:39,13.6300,5,102256.0000,75,S,13.6300,13.6200,13.6100,13.6000,13.5900,13.6400,13.6500,13.6600,13.6700,13.6800,68,113,226,1300,1326,85,242,55,127,361
SZ,000001,2019-06-28 09:44:42,13.6400,9,46352.0000,34,B,13.6300,13.6200,13.6100,13.6000,13.5900,13.6400,13.6500,13.6600,13.6700,13.6800,59,204,226,1300,1326,71,242,160,127,361
SZ,000001,2019-06-28 09:44:45,13.6300,9,155384.0000,114,S,13.6200,13.6100,13.6000,13.5900,13.5800,13.6300,13.6400,13.6500,13.6600,13.6700,204,230,1209,1326,1030,338,186,242,587,127
SZ,000001,2019-06-28 09:44:48,13.6300,3,46344.0000,34,B,13.6200,13.6100,13.6000,13.5900,13.5800,13.6300,13.6400,13.6500,13.6600,13.6700,204,230,1234,1326,1030,316,199,205,587,127
SZ,000001,2019-06-28 09:44:51,13.6300,1,8176.0000,6,B,13.6200,13.6100,13.6000,13.5900,13.5800,13.6300,13.6400,13.6500,13.6600,13.6700,204,240,1234,1331,1030,400,269,252,587,127
SZ,000001,2019-06-28 09:44:54,13.6300,6,46328.0000,34,B,13.6200,13.6100,13.6000,13.5900,13.5800,13.6300,13.6400,13.6500,13.6600,13.6700,194,240,1279,1331,1030,388,269,261,587,127
SZ,000001,2019-06-28 09:44:57,13.6300,4,17712.0000,13,B,13.6200,13.6100,13.6000,13.5900,13.5800,13.6300,13.6400,13.6500,13.6600,13.6700,186,254,1294,1325,1030,383,271,261,587,127
SZ,000001,2019-06-28 09:45:00,13.6200,6,39504.0000,29,S,13.6200,13.6100,13.6000,13.5900,13.5800,13.6300,13.6400,13.6500,13.6600,13.6700,583,259,1294,1325,1000,584,268,261,587,127
SZ,000001,2019-06-28 09:45:03,13.6300,10,200256.0000,147,B,13.6200,13.6100,13.6000,13.5900,13.5800,13.6300,13.6400,13.6500,13.6600,13.6700,493,352,1294,1325,1006,542,268,261,587,127
SZ,000001,2019-06-28 09:45:06,13.6300,4,149936.0000,110,B,13.6200,13.6100,13.6000,13.5900,13.5800,13.6300,13.6400,13.6500,13.6600,13.6700,505,352,1283,1325,1004,442,158,261,587,127
SZ,000001,2019-06-28 09:45:09,13.6200,3,96720.0000,71,S,13.6200,13.6100,13.6000,13.5900,13.5800,13.6300,13.6400,13.6500,13.6600,13.6700,456,402,1343,1325,1004,421,164,321,587,127
SZ,000001,2019-06-28 09:45:12,13.6300,2,36800.0000,27,B,13.6200,13.6100,13.6000,13.5900,13.5800,13.6300,13.6400,13.6500,13.6600,13.6700,458,402,1343,1325,1004,486,164,321,567,127
SZ,000001,2019-06-28 09:45:15,13.6200,3,27240.0000,20,S,13.6200,13.6100,13.6000,13.5900,13.5800,13.6300,13.6400,13.6500,13.6600,13.6700,451,404,1343,1310,1004,492,159,321,567,127
SZ,000001,2019-06-28 09:45:18,13.6200,2,136216.0000,100,S,13.6200,13.6100,13.6000,13.5900,13.5800,13.6300,13.6400,13.6500,13.6600,13.6700,372,404,1343,1310,1004,483,159,321,567,127
SZ,000001,2019-06-28 09:45:21,13.6300,1,6808.0000,5,B,13.6200,13.6100,13.6000,13.5900,13.5800,13.6300,13.6400,13.6500,13.6600,13.6700,372,404,1343,1310,1004,479,159,321,567,127
SZ,000001,2019-06-28 09:45:24,13.6200,3,72192.0000,53,S,13.6200,13.6100,13.6000,13.5900,13.5800,13.6300,13.6400,13.6500,13.6600,13.6700,323,409,1341,1310,1004,484,159,321,279,127
SZ,000001,2019-06-28 09:45:27,13.6200,2,62648.0000,46,S,13.6200,13.6100,13.6000,13.5900,13.5800,13.6300,13.6400,13.6500,13.6600,13.6700,1277,409,1341,1310,1004,484,159,321,279,127
SZ,000001,2019-06-28 09:45:30,13.6300,22,881224.0000,647,B,13.6200,13.6100,13.6000,13.5900,13.5800,13.6300,13.6400,13.6500,13.6600,13.6700,638,429,1353,1310,1034,483,159,321,279,127
SZ,000001,2019-06-28 09:45:33,13.6300,4,607456.0000,446,B,13.6200,13.6100,13.6000,13.5900,13.5800,13.6300,13.6400,13.6500,13.6600,13.6700,196,436,1365,1310,1034,479,159,321,279,127
SZ,000001,2019-06-28 09:45:36,13.6200,5,179784.0000,132,S,13.6200,13.6100,13.6000,13.5900,13.5800,13.6300,13.6400,13.6500,13.6600,13.6700,72,436,1369,1310,1034,478,159,321,279,127
SZ,000001,2019-06-28 09:45:39,13.6200,7,106240.0000,78,S,13.6100,13.6000,13.5900,13.5800,13.5700,13.6200,13.6300,13.6400,13.6500,13.6600,449,1369,1310,1034,1652,243,496,159,321,279
SZ,000001,2019-06-28 09:45:42,13.6200,3,42200.0000,31,B,13.6100,13.6000,13.5900,13.5800,13.5700,13.6200,13.6300,13.6400,13.6500,13.6600,425,1369,1310,1034,1652,321,500,159,321,279
SZ,000001,2019-06-28 09:45:45,13.6100,8,167416.0000,123,S,13.6100,13.6000,13.5900,13.5800,13.5700,13.6200,13.6300,13.6400,13.6500,13.6600,324,1350,1310,1034,1652,292,501,159,321,279
SZ,000001,2019-06-28 09:45:48,13.6100,6,39472.0000,29,S,13.6100,13.6000,13.5900,13.5800,13.5700,13.6200,13.6300,13.6400,13.6500,13.6600,299,1370,1310,1034,1652,289,491,159,321,279
SZ,000001,2019-06-28 09:45:51,13.6100,19,178288.0000,131,S,13.6100,13.6000,13.5900,13.5800,13.5700,13.6200,13.6300,13.6400,13.6500,13.6600,389,1370,1312,1034,1652,304,513,159,321,279
SZ,000001,2019-06-28 09:45:54,13.6200,18,232736.0000,171,B,13.6100,13.6000,13.5900,13.5800,13.5700,13.6200,13.6300,13.6400,13.6500,13.6600,270,1370,1304,1036,1652,302,509,159,321,199
SZ,000001,2019-06-28 09:45:57,13.6100,3,72152.0000,53,S,13.6100,13.6000,13.5900,13.5800,13.5700,13.6200,13.6300,13.6400,13.6500,13.6600,238,1360,1304,1036,1654,275,519,159,321,199
SZ,000001,2019-06-28 09:46:00,13.6100,5,28584.0000,21,S,13.6100,13.6000,13.5900,13.5800,13.5700,13.6200,13.6300,13.6400,13.6500,13.6600,218,1380,1309,1037,1636,274,519,159,261,199
SZ,000001,2019-06-28 09:46:03,13.6100,11,323904.0000,238,S,13.6000,13.5900,13.5800,13.5700,13.5600,13.6100,13.6200,13.6300,13.6400,13.6500,1352,1309,1042,1636,2156,181,176,519,159,261
SZ,000001,2019-06-28 09:46:06,13.6000,1,53040.0000,39,S,13.6000,13.5900,13.5800,13.5700,13.5600,13.6100,13.6200,13.6300,13.6400,13.6500,1725,1309,1042,1636,2156,2161,175,519,159,261
SZ,000001,2019-06-28 09:46:09,13.6100,36,635240.0000,467,B,13.6000,13.5900,13.5800,13.5700,13.5600,13.6100,13.6200,13.6300,13.6400,13.6500,1384,1309,958,1636,2156,2226,175,519,159,271
SZ,000001,2019-06-28 09:46:12,13.6000,26,561680.0000,413,S,13.6000,13.5900,13.5800,13.5700,13.5600,13.6100,13.6200,13.6300,13.6400,13.6500,974,1309,958,1636,2156,2240,175,540,159,271
SZ,000001,2019-06-28 09:46:15,13.6100,27,756184.0000,556,B,13.6000,13.5900,13.5800,13.5700,13.5600,13.6100,13.6200,13.6300,13.6400,13.6500,443,1306,958,1686,2156,2165,110,540,159,271
SZ,000001,2019-06-28 09:46:18,13.6000,13,617520.0000,454,S,13.5900,13.5800,13.5700,13.5600,13.5500,13.6000,13.6100,13.6200,13.6300,13.6400,1306,948,1686,2156,1522,58,2167,110,540,159
SZ,000001,2019-06-28 09:46:21,13.5900,2,8160.0000,6,S,13.5900,13.5800,13.5700,13.5600,13.5500,13.6000,13.6100,13.6200,13.6300,13.6400,1305,948,1686,2156,1522,66,2174,104,540,159
SZ,000001,2019-06-28 09:46:24,13.6000,14,209360.0000,154,B,13.6000,13.5900,13.5800,13.5700,13.5600,13.6100,13.6200,13.6300,13.6400,13.6500,181,1305,955,1686,2161,2174,104,540,159,251
SZ,000001,2019-06-28 09:46:27,13.6000,5,68000.0000,50,S,13.6000,13.5900,13.5800,13.5700,13.5600,13.6100,13.6200,13.6300,13.6400,13.6500,132,1325,955,1686,2161,2174,104,540,159,251
SZ,000001,2019-06-28 09:46:30,13.6000,9,336048.0000,247,S,13.6000,13.5900,13.5800,13.5700,13.5600,13.6100,13.6200,13.6300,13.6400,13.6500,25,1325,953,1686,2161,2051,84,557,159,204
SZ,000001,2019-06-28 09:46:33,13.5900,9,76144.0000,56,S,13.5900,13.5800,13.5700,13.5600,13.5500,13.6100,13.6200,13.6300,13.6400,13.6500,1318,953,1686,2161,1602,2051,84,466,93,204
SZ,000001,2019-06-28 09:46:36,13.5900,3,28544.0000,21,S,13.5900,13.5800,13.5700,13.5600,13.5500,13.6000,13.6100,13.6200,13.6300,13.6400,1308,939,1686,2161,1602,26,2051,84,464,93
SZ,000001,2019-06-28 09:46:39,13.5900,40,1819736.0000,1339,S,13.5900,13.5800,13.5700,13.5600,13.5500,13.6000,13.6100,13.6200,13.6300,13.6400,0,929,1686,2161,1607,69,1448,84,464,93
SZ,000001,2019-06-28 09:46:42,13.6000,3,17680.0000,13,B,13.5900,13.5800,13.5700,13.5600,13.5500,13.6000,13.6100,13.6200,13.6300,13.6400,20,929,1686,2151,1607,59,1442,84,464,83
SZ,000001,2019-06-28 09:46:45,13.6000,1,1360.0000,1,B,13.5900,13.5800,13.5700,13.5600,13.5500,13.6000,13.6100,13.6200,13.6300,13.6400,20,929,1686,2151,1607,203,1442,84,464,83
SZ,000001,2019-06-28 09:46:48,13.5900,6,69368.0000,51,S,13.5800,13.5700,13.5600,13.5500,13.5400,13.5900,13.6000,13.6100,13.6200,13.6300,904,1686,2151,1607,633,72,203,1442,84,464
SZ,000001,2019-06-28 09:46:51,13.5900,39,854184.0000,629,B,13.5800,13.5700,13.5600,13.5500,13.5400,13.5900,13.6000,13.6100,13.6200,13.6300,288,1686,2155,1607,633,78,232,1462,84,464
SZ,000001,2019-06-28 09:46:54,13.5900,6,29888.0000,22,B,13.5800,13.5700,13.5600,13.5500,13.5400,13.5900,13.6000,13.6100,13.6200,13.6300,179,1686,2155,1607,633,95,237,1462,80,464
SZ,000001,2019-06-28 09:46:57,13.5900,1,1360.0000,1,B,13.5800,13.5700,13.5600,13.5500,13.5400,13.5900,13.6000,13.6100,13.6200,13.6300,184,1686,2155,1607,633,94,257,1462,80,464
SZ,000001,2019-06-28 09:47:00,13.6000,18,437448.0000,322,B,13.5900,13.5800,13.5700,13.5600,13.5500,13.6000,13.6100,13.6200,13.6300,13.6400,547,127,1686,2155,1597,262,266,80,464,83
SZ,000001,2019-06-28 09:47:03,13.5900,2,23104.0000,17,S,13.5900,13.5800,13.5700,13.5600,13.5500,13.6000,13.6100,13.6200,13.6300,13.6400,542,121,1705,2155,1597,266,326,80,464,83
SZ,000001,2019-06-28 09:47:06,13.5900,2,81544.0000,60,S,13.5900,13.5800,13.5700,13.5600,13.5500,13.6000,13.6100,13.6200,13.6300,13.6400,490,1437,1710,2105,1597,269,326,80,464,83
SZ,000001,2019-06-28 09:47:09,13.5900,1,2720.0000,2,S,13.5900,13.5800,13.5700,13.5600,13.5500,13.6000,13.6100,13.6200,13.6300,13.6400,905,1447,1708,2105,1597,273,306,78,464,83
SZ,000001,2019-06-28 09:47:12,13.5900,5,47576.0000,35,S,13.5900,13.5800,13.5700,13.5600,13.5500,13.6000,13.6100,13.6200,13.6300,13.6400,887,1447,1710,2105,1677,209,306,78,464,83
SZ,000001,2019-06-28 09:47:15,13.5900,7,324928.0000,239,S,13.5900,13.5800,13.5700,13.5600,13.5500,13.6000,13.6100,13.6200,13.6300,13.6400,790,1467,1710,2105,1677,85,306,78,464,83
SZ,000001,2019-06-28 09:47:18,13.5900,31,1412336.0000,1039,S,13.5800,13.5700,13.5600,13.5500,13.5400,13.5900,13.6100,13.6200,13.6300,13.6400,1457,1710,2105,1682,643,244,306,78,464,83
SZ,000001,2019-06-28 09:47:21,13.5900,5,326160.0000,240,B,13.5800,13.5700,13.5600,13.5500,13.5400,13.5900,13.6000,13.6100,13.6200,13.6300,1470,1710,2105,1682,643,323,2,306,78,464
SZ,000001,2019-06-28 09:47:24,13.6100,14,493248.0000,363,B,13.6000,13.5900,13.5800,13.5700,13.5600,13.6100,13.6200,13.6300,13.6400,13.6500,24,12,1677,1711,2103,297,78,464,83,199
SZ,000001,2019-06-28 09:47:27,13.6000,3,28568.0000,21,S,13.6000,13.5900,13.5800,13.5700,13.5600,13.6100,13.6200,13.6300,13.6400,13.6500,5,62,1725,1711,2103,386,78,464,83,199
SZ,000001,2019-06-28 09:47:30,13.5900,14,246144.0000,181,S,13.5900,13.5800,13.5700,13.5600,13.5500,13.6100,13.6200,13.6300,13.6400,13.6500,38,1735,1711,2106,1702,307,78,464,83,199
SZ,000001,2019-06-28 09:47:33,13.6000,14,269128.0000,198,B,13.5900,13.5800,13.5700,13.5600,13.5500,13.6000,13.6100,13.6200,13.6300,13.6400,66,1666,1706,2106,1702,157,283,92,464,83
SZ,000001,2019-06-28 09:47:36,13.5900,7,266464.0000,196,S,13.5800,13.5700,13.5600,13.5500,13.5400,13.5900,13.6000,13.6100,13.6200,13.6300,1666,1711,2106,1702,654,310,78,283,92,464
SZ,000001,2019-06-28 09:47:39,13.5900,13,391392.0000,288,B,13.5800,13.5700,13.5600,13.5500,13.5400,13.5900,13.6000,13.6100,13.6200,13.6300,1688,1711,2107,1703,654,22,108,283,92,464
SZ,000001,2019-06-28 09:47:42,13.5900,5,304416.0000,224,B,13.5900,13.5800,13.5700,13.5600,13.5500,13.6000,13.6100,13.6200,13.6300,13.6400,681,1696,1711,2107,1703,117,329,89,445,103
SZ,000001,2019-06-28 09:47:45,13.5900,5,36704.0000,27,S,13.5900,13.5800,13.5700,13.5600,13.5500,13.6000,13.6100,13.6200,13.6300,13.6400,168,1712,1692,2107,1693,122,329,89,445,103
SZ,000001,2019-06-28 09:47:48,13.5900,3,13584.0000,10,S,13.5900,13.5800,13.5700,13.5600,13.5500,13.6000,13.6100,13.6200,13.6300,13.6400,268,1712,1702,2107,1693,122,329,101,445,103
SZ,000001,2019-06-28 09:47:51,13.5900,6,150864.0000,111,S,13.5900,13.5800,13.5700,13.5600,13.5500,13.6000,13.6100,13.6200,13.6300,13.6400,90,1740,1702,2057,1693,110,329,106,444,103
SZ,000001,2019-06-28 09:47:54,13.5800,13,167136.0000,123,S,13.5800,13.5700,13.5600,13.5500,13.5400,13.5900,13.6000,13.6100,13.6200,13.6300,1738,1702,2057,1693,654,118,151,329,106,444
SZ,000001,2019-06-28 09:47:57,13.6000,17,331704.0000,244,B,13.5900,13.5800,13.5700,13.5600,13.5500,13.6000,13.6100,13.6200,13.6300,13.6400,7,1943,1702,2057,1698,44,334,106,454,103
SZ,000001,2019-06-28 09:48:00,13.5800,7,24456.0000,18,S,13.5800,13.5700,13.5600,13.5500,13.5400,13.5900,13.6000,13.6100,13.6200,13.6300,1939,1702,2070,1698,664,72,52,334,106,454
SZ,000001,2019-06-28 09:48:03,13.5900,14,125000.0000,92,B,13.5800,13.5700,13.5600,13.5500,13.5400,13.5900,13.6000,13.6100,13.6200,13.6300,1932,1698,2070,1698,664,35,52,334,106,454
SZ,000001,2019-06-28 09:48:06,13.5900,2,6792.0000,5,B,13.5800,13.5700,13.5600,13.5500,13.5400,13.5900,13.6000,13.6100,13.6200,13.6300,2034,1708,2070,1688,664,30,52,334,106,454
SZ,000001,2019-06-28 09:48:09,13.5900,7,55720.0000,41,B,13.5900,13.5800,13.5700,13.5600,13.5500,13.6000,13.6100,13.6200,13.6300,13.6400,60,2037,1708,2070,1688,160,334,106,437,103
SZ,000001,2019-06-28 09:48:12,13.5900,2,40776.0000,30,S,13.5900,13.5800,13.5700,13.5600,13.5500,13.6000,13.6100,13.6200,13.6300,13.6400,87,2046,1708,2092,1689,183,334,106,437,103
SZ,000001,2019-06-28 09:48:15,13.5900,2,24456.0000,18,S,13.5900,13.5800,13.5700,13.5600,13.5500,13.6000,13.6100,13.6200,13.6300,13.6400,492,2052,1709,2087,1718,189,334,106,437,103
SZ,000001,2019-06-28 09:48:18,13.5900,7,95128.0000,70,S,13.5900,13.5800,13.5700,13.5600,13.5500,13.6000,13.6100,13.6200,13.6300,13.6400,748,2052,1709,2087,1728,189,334,106,437,103
SZ,000001,2019-06-28 09:48:24,13.6000,6,38080.0000,28,B,13.5900,13.5800,13.5700,13.5600,13.5500,13.6000,13.6100,13.6200,13.6300,13.6400,769,2100,1711,2081,1728,171,334,106,469,103
SZ,000001,2019-06-28 09:48:27,13.6000,6,25832.0000,19,B,13.5900,13.5800,13.5700,13.5600,13.5500,13.6000,13.6100,13.6200,13.6300,13.6400,874,2120,1711,2091,1728,162,334,106,469,103
SZ,000001,2019-06-28 09:48:30,13.6000,4,77472.0000,57,B,13.5900,13.5800,13.5700,13.5600,13.5500,13.6000,13.6100,13.6200,13.6300,13.6400,824,2125,1728,2091,1755,237,334,106,469,103
SZ,000001,2019-06-28 09:48:33,13.6000,4,82960.0000,61,B,13.5900,13.5800,13.5700,13.5600,13.5500,13.6000,13.6100,13.6200,13.6300,13.6400,831,2135,1728,2091,1757,229,334,106,437,103
SZ,000001,2019-06-28 09:48:36,13.6000,1,4080.0000,3,B,13.5900,13.5800,13.5700,13.5600,13.5500,13.6000,13.6100,13.6200,13.6300,13.6400,831,2180,1728,2091,1763,277,334,106,437,103
SZ,000001,2019-06-28 09:48:39,13.6000,2,5440.0000,4,B,13.5900,13.5800,13.5700,13.5600,13.5500,13.6000,13.6100,13.6200,13.6300,13.6400,910,2178,1728,2091,1763,333,334,106,437,103
SZ,000001,2019-06-28 09:48:42,13.6000,3,224240.0000,165,B,13.5900,13.5800,13.5700,13.5600,13.5500,13.6000,13.6100,13.6200,13.6300,13.6400,772,2175,1728,2091,1763,329,334,106,437,103
SZ,000001,2019-06-28 09:48:45,13.6000,2,31256.0000,23,B,13.5900,13.5800,13.5700,13.5600,13.5500,13.6000,13.6100,13.6200,13.6300,13.6400,766,2175,1722,2091,1763,329,334,106,437,103
SZ,000001,2019-06-28 09:48:48,13.5900,1,1360.0000,1,S,13.5900,13.5800,13.5700,13.5600,13.5500,13.6000,13.6100,13.6200,13.6300,13.6400,820,2164,1722,2091,1763,379,334,166,437,103
SZ,000001,2019-06-28 09:48:51,13.5900,1,1360.0000,1,S,13.5900,13.5800,13.5700,13.5600,13.5500,13.6000,13.6100,13.6200,13.6300,13.6400,820,2165,1722,2091,1763,379,334,166,437,103
SZ,000001,2019-06-28 09:48:54,13.5900,2,27192.0000,20,S,13.5900,13.5800,13.5700,13.5600,13.5500,13.6000,13.6100,13.6200,13.6300,13.6400,820,2165,1722,2091,1763,369,334,166,437,103
SZ,000001,2019-06-28 09:48:57,13.5900,1,1360.0000,1,S,13.5900,13.5800,13.5700,13.5600,13.5500,13.6000,13.6100,13.6200,13.6300,13.6400,823,2065,1722,2091,1763,361,334,166,437,103
SZ,000001,2019-06-28 09:49:00,13.5900,5,175312.0000,129,S,13.5900,13.5800,13.5700,13.5600,13.5500,13.6000,13.6100,13.6200,13.6300,13.6400,745,2065,1722,2097,1763,369,334,166,445,103
SZ,000001,2019-06-28 09:49:03,13.5900,2,50280.0000,37,S,13.5900,13.5800,13.5700,13.5600,13.5500,13.6000,13.6100,13.6200,13.6300,13.6400,856,2075,1722,2097,1763,378,334,166,435,103
SZ,000001,2019-06-28 09:49:06,13.5900,3,40776.0000,30,S,13.5900,13.5800,13.5700,13.5600,13.5500,13.6000,13.6100,13.6200,13.6300,13.6400,826,2075,1723,2097,1763,377,330,165,427,101
SZ,000001,2019-06-28 09:49:09,13.5900,7,35344.0000,26,S,13.5900,13.5800,13.5700,13.5600,13.5500,13.6000,13.6100,13.6200,13.6300,13.6400,836,2088,1723,2097,1763,361,330,165,427,101
SZ,000001,2019-06-28 09:49:12,13.6000,2,19032.0000,14,B,13.5900,13.5800,13.5700,13.5600,13.5500,13.6000,13.6100,13.6200,13.6300,13.6400,842,2088,1723,2107,1767,360,330,160,427,101
SZ,000001,2019-06-28 09:49:15,13.5900,3,35336.0000,26,S,13.5900,13.5800,13.5700,13.5600,13.5500,13.6000,13.6100,13.6200,13.6300,13.6400,931,2113,1723,2107,1771,359,330,160,427,101
SZ,000001,2019-06-28 09:49:18,13.5900,8,99224.0000,73,S,13.5900,13.5800,13.5700,13.5600,13.5500,13.6000,13.6100,13.6200,13.6300,13.6400,1481,2138,1723,2097,1771,325,239,160,427,101
SZ,000001,2019-06-28 09:49:21,13.5900,4,59800.0000,44,S,13.5900,13.5800,13.5700,13.5600,13.5500,13.6000,13.6100,13.6200,13.6300,13.6400,1518,2135,1723,2097,1771,326,239,160,427,101
SZ,000001,2019-06-28 09:49:24,13.6000,18,443360.0000,326,B,13.5900,13.5800,13.5700,13.5600,13.5500,13.6100,13.6200,13.6300,13.6400,13.6500,1990,2135,1723,2097,1771,239,160,427,101,226
SZ,000001,2019-06-28 09:49:27,13.5900,5,154952.0000,114,S,13.6000,13.5900,13.5800,13.5700,13.5600,13.6100,13.6200,13.6300,13.6400,13.6500,164,1904,2135,1723,2097,239,160,427,101,226
SZ,000001,2019-06-28 09:49:30,13.6100,6,193160.0000,142,B,13.6000,13.5900,13.5800,13.5700,13.5600,13.6100,13.6200,13.6300,13.6400,13.6500,87,1913,2137,1723,2097,200,158,427,101,226
SZ,000001,2019-06-28 09:49:33,13.6100,3,65328.0000,48,B,13.6000,13.5900,13.5800,13.5700,13.5600,13.6100,13.6200,13.6300,13.6400,13.6500,189,1909,2137,1723,2097,152,158,427,101,226
SZ,000001,2019-06-28 09:49:36,13.6000,10,189040.0000,139,S,13.6000,13.5900,13.5800,13.5700,13.5600,13.6100,13.6200,13.6300,13.6400,13.6500,75,1920,2147,1723,2096,153,173,427,101,226
SZ,000001,2019-06-28 09:49:42,13.6000,9,95216.0000,70,S,13.6000,13.5900,13.5800,13.5700,13.5600,13.6100,13.6200,13.6300,13.6400,13.6500,150,1929,2161,1723,2096,137,173,427,101,227
SZ,000001,2019-06-28 09:49:45,13.6100,4,53080.0000,39,B,13.6000,13.5900,13.5800,13.5700,13.5600,13.6100,13.6200,13.6300,13.6400,13.6500,159,1927,2179,1723,2096,98,173,427,101,227
SZ,000001,2019-06-28 09:49:48,13.6100,1,13608.0000,10,B,13.6000,13.5900,13.5800,13.5700,13.5600,13.6100,13.6200,13.6300,13.6400,13.6500,519,1918,2179,1723,2096,88,173,427,101,227
SZ,000001,2019-06-28 09:49:51,13.6100,2,2728.0000,2,B,13.6000,13.5900,13.5800,13.5700,13.5600,13.6100,13.6200,13.6300,13.6400,13.6500,525,1876,2179,1723,2096,86,173,467,101,227
SZ,000001,2019-06-28 09:49:54,13.6100,1,6800.0000,5,B,13.6000,13.5900,13.5800,13.5700,13.5600,13.6100,13.6200,13.6300,13.6400,13.6500,528,1480,2178,1733,2096,34,173,467,99,227
SZ,000001,2019-06-28 09:49:57,13.6100,7,42192.0000,31,B,13.6000,13.5900,13.5800,13.5700,13.5600,13.6100,13.6200,13.6300,13.6400,13.6500,546,1490,2178,1733,2096,5,173,467,99,227
SZ,000001,2019-06-28 09:50:00,13.6000,14,295120.0000,217,S,13.6000,13.5900,13.5800,13.5700,13.5600,13.6100,13.6200,13.6300,13.6400,13.6500,757,1470,2169,1733,2096,6,173,467,99,227
SZ,000001,2019-06-28 09:50:03,13.6100,9,40832.0000,30,B,13.6000,13.5900,13.5800,13.5700,13.5600,13.6100,13.6200,13.6300,13.6400,13.6500,793,1490,2199,1733,2096,17,220,467,99,241
SZ,000001,2019-06-28 09:50:06,13.6100,6,29936.0000,22,B,13.6100,13.6000,13.5900,13.5800,13.5700,13.6200,13.6300,13.6400,13.6500,13.6600,5,813,1490,2199,1733,220,447,99,241,181
SZ,000001,2019-06-28 09:50:09,13.6200,2,23152.0000,17,B,13.6100,13.6000,13.5900,13.5800,13.5700,13.6200,13.6300,13.6400,13.6500,13.6600,3,818,1492,2199,1713,205,443,99,251,181
SZ,000001,2019-06-28 09:50:12,13.6200,1,1368.0000,1,B,13.6100,13.6000,13.5900,13.5800,13.5700,13.6200,13.6300,13.6400,13.6500,13.6600,13,828,1473,2189,1713,204,443,99,251,181
SZ,000001,2019-06-28 09:50:15,13.6000,21,227288.0000,167,S,13.6000,13.5900,13.5800,13.5700,13.5600,13.6100,13.6200,13.6300,13.6400,13.6500,756,1473,2189,1713,2146,83,131,443,100,251
SZ,000001,2019-06-28 09:50:18,13.6100,16,436880.0000,321,B,13.6100,13.6000,13.5900,13.5800,13.5700,13.6200,13.6300,13.6400,13.6500,13.6600,250,763,1468,2189,1713,131,443,100,251,181
SZ,000001,2019-06-28 09:50:21,13.6200,9,74912.0000,55,B,13.6100,13.6000,13.5900,13.5800,13.5700,13.6200,13.6300,13.6400,13.6500,13.6600,253,811,1462,2187,1703,76,443,100,251,181
SZ,000001,2019-06-28 09:50:24,13.6200,10,49024.0000,36,B,13.6100,13.6000,13.5900,13.5800,13.5700,13.6200,13.6300,13.6400,13.6500,13.6600,256,810,1472,2187,1703,40,441,100,251,181
SZ,000001,2019-06-28 09:50:27,13.6300,11,128088.0000,94,B,13.6200,13.6100,13.6000,13.5900,13.5800,13.6300,13.6400,13.6500,13.6600,13.6700,1,275,807,1472,2187,387,100,251,181,105
SZ,000001,2019-06-28 09:50:30,13.6300,3,28608.0000,21,B,13.6100,13.6000,13.5900,13.5800,13.5700,13.6300,13.6400,13.6500,13.6600,13.6700,331,827,1472,2197,1703,376,100,251,181,105
SZ,000001,2019-06-28 09:50:33,13.6000,12,479056.0000,352,S,13.6000,13.5900,13.5800,13.5700,13.5600,13.6300,13.6400,13.6500,13.6600,13.6700,394,1476,2197,1703,2146,376,166,251,181,105
SZ,000001,2019-06-28 09:50:36,13.6300,1,4088.0000,3,B,13.6100,13.6000,13.5900,13.5800,13.5700,13.6300,13.6400,13.6500,13.6600,13.6700,8,470,1546,2205,1703,373,166,251,181,105
SZ,000001,2019-06-28 09:50:39,13.6100,3,17696.0000,13,S,13.6100,13.6000,13.5900,13.5800,13.5700,13.6300,13.6400,13.6500,13.6600,13.6700,420,980,1546,2205,1799,372,166,251,181,105
SZ,000001,2019-06-28 09:50:42,13.6300,1,1368.0000,1,B,13.6100,13.6000,13.5900,13.5800,13.5700,13.6200,13.6300,13.6400,13.6500,13.6600,480,990,1546,2205,1799,4,371,166,251,181
SZ,000001,2019-06-28 09:50:45,13.6200,22,799832.0000,587,B,13.6200,13.6100,13.6000,13.5900,13.5800,13.6300,13.6400,13.6500,13.6600,13.6700,1,500,1007,1743,1224,29,166,251,181,105
SZ,000001,2019-06-28 09:50:48,13.6200,1,1360.0000,1,S,13.6100,13.6000,13.5900,13.5800,13.5700,13.6200,13.6300,13.6400,13.6500,13.6600,500,1007,1743,1219,1799,5,44,266,251,181
SZ,000001,2019-06-28 09:50:51,13.6200,5,6816.0000,5,B,13.6100,13.6000,13.5900,13.5800,13.5700,13.6300,13.6400,13.6500,13.6600,13.6700,500,1015,1718,1229,1799,52,266,251,181,105
SZ,000001,2019-06-28 09:50:57,13.6200,4,223216.0000,164,B,13.6100,13.6000,13.5900,13.5800,13.5700,13.6200,13.6300,13.6400,13.6500,13.6600,373,1005,1710,1230,1749,91,190,266,251,181
SZ,000001,2019-06-28 09:51:00,13.6200,9,147200.0000,108,B,13.6200,13.6100,13.6000,13.5900,13.5800,13.6300,13.6400,13.6500,13.6600,13.6700,28,385,1015,1710,1226,84,266,251,181,105
SZ,000001,2019-06-28 09:51:03,13.6200,5,23152.0000,17,S,13.6200,13.6100,13.6000,13.5900,13.5800,13.6300,13.6400,13.6500,13.6600,13.6700,11,393,1025,1716,1226,90,266,251,181,105
SZ,000001,2019-06-28 09:51:06,13.6100,7,34048.0000,25,S,13.6100,13.6000,13.5900,13.5800,13.5700,13.6200,13.6300,13.6400,13.6500,13.6600,122,1019,1733,1226,1749,87,90,266,251,181
SZ,000001,2019-06-28 09:51:09,13.6200,5,58552.0000,43,B,13.6100,13.6000,13.5900,13.5800,13.5700,13.6200,13.6300,13.6400,13.6500,13.6600,103,1025,1733,1255,1749,302,90,266,251,181
SZ,000001,2019-06-28 09:51:12,13.6200,3,366376.0000,269,B,13.6100,13.6000,13.5900,13.5800,13.5700,13.6200,13.6300,13.6400,13.6500,13.6600,122,1035,1733,1247,1749,33,90,266,251,181
SZ,000001,2019-06-28 09:51:15,13.6200,1,6808.0000,5,B,13.6100,13.6000,13.5900,13.5800,13.5700,13.6200,13.6300,13.6400,13.6500,13.6600,124,1035,1733,1252,1759,28,95,266,261,181
SZ,000001,2019-06-28 09:51:18,13.6200,2,9536.0000,7,B,13.6100,13.6000,13.5900,13.5800,13.5700,13.6200,13.6300,13.6400,13.6500,13.6600,125,1035,1733,1266,1759,22,95,220,261,181
SZ,000001,2019-06-28 09:51:21,13.6200,3,2752.0000,2,B,13.6100,13.6000,13.5900,13.5800,13.5700,13.6200,13.6300,13.6400,13.6500,13.6600,262,1035,1733,1266,1741,20,95,225,261,181
SZ,000001,2019-06-28 09:51:24,13.6200,3,19064.0000,14,B,13.6100,13.6000,13.5900,13.5800,13.5700,13.6200,13.6300,13.6400,13.6500,13.6600,262,1055,1743,1261,1741,6,95,225,261,181
SZ,000001,2019-06-28 09:51:27,13.6300,8,84400.0000,62,B,13.6200,13.6100,13.6000,13.5900,13.5800,13.6300,13.6400,13.6500,13.6600,13.6700,6,209,1075,1743,1261,89,225,261,181,166
SZ,000001,2019-06-28 09:51:30,13.6200,2,8176.0000,6,S,13.6100,13.6000,13.5900,13.5800,13.5700,13.6200,13.6300,13.6400,13.6500,13.6600,280,1075,1743,1261,1748,4,99,225,261,181
SZ,000001,2019-06-28 09:51:33,13.6100,16,202984.0000,149,S,13.6200,13.6100,13.6000,13.5900,13.5800,13.6300,13.6400,13.6500,13.6600,13.6700,20,231,1065,1732,1265,4,225,261,181,166
SZ,000001,2019-06-28 09:51:36,13.6200,5,40864.0000,30,S,13.6200,13.6100,13.6000,13.5900,13.5800,13.6300,13.6400,13.6500,13.6600,13.6700,9,234,1066,1732,1265,71,225,261,181,166
SZ,000001,2019-06-28 09:51:39,13.6300,6,46304.0000,34,B,13.6200,13.6100,13.6000,13.5900,13.5800,13.6300,13.6400,13.6500,13.6600,13.6700,32,289,1072,1732,1268,70,513,261,181,166
SZ,000001,2019-06-28 09:51:42,13.6200,9,123944.0000,91,S,13.6100,13.6000,13.5900,13.5800,13.5700,13.6200,13.6300,13.6400,13.6500,13.6600,285,1082,1752,1268,1748,53,70,513,261,181
SZ,000001,2019-06-28 09:51:45,13.6200,13,59896.0000,44,B,13.6100,13.6000,13.5900,13.5800,13.5700,13.6200,13.6300,13.6400,13.6500,13.6600,258,1112,1752,1275,1748,94,80,513,261,181
SZ,000001,2019-06-28 09:51:48,13.6300,8,148464.0000,109,B,13.6200,13.6100,13.6000,13.5900,13.5800,13.6300,13.6400,13.6500,13.6600,13.6700,308,258,1112,1752,1275,11,513,261,181,166
SZ,000001,2019-06-28 09:51:51,13.6200,7,315992.0000,232,S,13.6200,13.6100,13.6000,13.5900,13.5800,13.6300,13.6400,13.6500,13.6600,13.6700,94,263,1093,1752,1280,3,513,261,181,166
SZ,000001,2019-06-28 09:51:54,13.6200,11,151176.0000,111,S,13.6100,13.6000,13.5900,13.5800,13.5700,13.6200,13.6300,13.6400,13.6500,13.6600,256,1098,1752,1280,1748,20,118,513,261,181
SZ,000001,2019-06-28 09:51:57,13.6200,3,27240.0000,20,B,13.6200,13.6100,13.6000,13.5900,13.5800,13.6300,13.6400,13.6500,13.6600,13.6700,10,256,1108,1752,1280,118,494,261,181,166
SZ,000001,2019-06-28 09:52:00,13.6200,3,27240.0000,20,S,13.6100,13.6000,13.5900,13.5800,13.5700,13.6200,13.6300,13.6400,13.6500,13.6600,277,1108,1752,1263,1748,172,118,494,261,181
SZ,000001,2019-06-28 09:52:03,13.6200,10,107600.0000,79,B,13.6100,13.6000,13.5900,13.5800,13.5700,13.6200,13.6300,13.6400,13.6500,13.6600,278,1108,1752,1263,1748,482,118,494,261,181
SZ,000001,2019-06-28 09:52:06,13.6200,6,53112.0000,39,B,13.6100,13.6000,13.5900,13.5800,13.5700,13.6200,13.6300,13.6400,13.6500,13.6600,293,1108,2028,1263,1748,399,138,494,261,181
SZ,000001,2019-06-28 09:52:09,13.6200,11,213840.0000,157,B,13.6100,13.6000,13.5900,13.5800,13.5700,13.6200,13.6300,13.6400,13.6500,13.6600,293,608,2028,1251,1748,259,138,494,251,181
SZ,000001,2019-06-28 09:52:12,13.6200,9,162072.0000,119,B,13.6100,13.6000,13.5900,13.5800,13.5700,13.6200,13.6300,13.6400,13.6500,13.6600,327,638,2028,1251,1748,145,138,494,251,181
SZ,000001,2019-06-28 09:52:15,13.6200,7,68096.0000,50,B,13.6100,13.6000,13.5900,13.5800,13.5700,13.6200,13.6300,13.6400,13.6500,13.6600,327,638,2028,1251,1748,147,228,493,251,181
SZ,000001,2019-06-28 09:52:18,13.6100,25,498176.0000,366,S,13.6100,13.6000,13.5900,13.5800,13.5700,13.6200,13.6300,13.6400,13.6500,13.6600,10,638,2028,1266,1748,98,328,493,251,181
SZ,000001,2019-06-28 09:52:21,13.6300,20,243848.0000,179,B,13.6200,13.6100,13.6000,13.5900,13.5800,13.6300,13.6400,13.6500,13.6600,13.6700,4,10,641,2028,1326,215,493,251,181,166
SZ,000001,2019-06-28 09:52:24,13.6100,11,69504.0000,51,S,13.6100,13.6000,13.5900,13.5800,13.5700,13.6300,13.6400,13.6500,13.6600,13.6700,8,661,2028,1326,1748,171,493,251,181,166
SZ,000001,2019-06-28 09:52:27,13.6300,2,5456.0000,4,B,13.6100,13.6000,13.5900,13.5800,13.5700,13.6300,13.6400,13.6500,13.6600,13.6700,74,661,2031,1326,1748,177,493,251,181,166
SZ,000001,2019-06-28 09:52:30,13.6300,6,28616.0000,21,B,13.6100,13.6000,13.5900,13.5800,13.5700,13.6300,13.6400,13.6500,13.6600,13.6700,86,683,2031,1326,1748,171,493,251,181,166
SZ,000001,2019-06-28 09:52:36,13.6200,9,93976.0000,69,B,13.6100,13.6000,13.5900,13.5800,13.5700,13.6200,13.6300,13.6400,13.6500,13.6600,22,825,2031,1376,1748,232,171,493,251,181
SZ,000001,2019-06-28 09:52:39,13.6100,11,74904.0000,55,S,13.6100,13.6000,13.5900,13.5800,13.5700,13.6200,13.6300,13.6400,13.6500,13.6600,17,809,2031,1376,1748,186,171,502,251,181
SZ,000001,2019-06-28 09:52:42,13.6200,4,20432.0000,15,B,13.6100,13.6000,13.5900,13.5800,13.5700,13.6200,13.6300,13.6400,13.6500,13.6600,23,809,2044,1376,1748,171,171,502,251,181
SZ,000001,2019-06-28 09:52:45,13.6100,3,34048.0000,25,S,13.6100,13.6000,13.5900,13.5800,13.5700,13.6200,13.6300,13.6400,13.6500,13.6600,32,809,2044,1381,1748,149,171,502,251,181
SZ,000001,2019-06-28 09:52:48,13.6200,4,29960.0000,22,B,13.6100,13.6000,13.5900,13.5800,13.5700,13.6200,13.6300,13.6400,13.6500,13.6600,62,919,1986,1381,1748,127,176,512,251,181
SZ,000001,2019-06-28 09:52:51,13.6300,13,410088.0000,301,B,13.6200,13.6100,13.6000,13.5900,13.5800,13.6300,13.6400,13.6500,13.6600,13.6700,129,40,919,1974,1381,27,512,251,181,211
SZ,000001,2019-06-28 09:52:54,13.6200,3,70824.0000,52,S,13.6200,13.6100,13.6000,13.5900,13.5800,13.6300,13.6400,13.6500,13.6600,13.6700,85,60,919,1974,1381,25,512,251,181,211
SZ,000001,2019-06-28 09:52:57,13.6400,16,480008.0000,352,B,13.6200,13.6100,13.6000,13.5900,13.5800,13.6400,13.6500,13.6600,13.6700,13.6800,40,260,809,1974,1381,235,251,271,211,348
SZ,000001,2019-06-28 09:53:00,13.6300,1,13624.0000,10,S,13.6300,13.6200,13.6100,13.6000,13.5900,13.6400,13.6500,13.6600,13.6700,13.6800,10,483,370,799,1974,235,251,271,211,348
SZ,000001,2019-06-28 09:53:03,13.6400,10,136320.0000,100,B,13.6200,13.6100,13.6000,13.5900,13.5800,13.6400,13.6500,13.6600,13.6700,13.6800,461,370,799,1992,1359,175,249,271,211,348
SZ,000001,2019-06-28 09:53:06,13.6300,6,36776.0000,27,S,13.6200,13.6100,13.6000,13.5900,13.5800,13.6300,13.6400,13.6500,13.6600,13.6700,439,370,809,1992,1409,44,175,249,271,211
SZ,000001,2019-06-28 09:53:09,13.6300,5,27256.0000,20,B,13.6200,13.6100,13.6000,13.5900,13.5800,13.6300,13.6400,13.6500,13.6600,13.6700,437,375,865,1992,1419,327,178,249,471,211
SZ,000001,2019-06-28 09:53:12,13.6300,7,103584.0000,76,B,13.6200,13.6100,13.6000,13.5900,13.5800,13.6300,13.6400,13.6500,13.6600,13.6700,435,265,865,1992,1419,258,178,249,481,211
SZ,000001,2019-06-28 09:53:15,13.6300,6,252152.0000,185,B,13.6200,13.6100,13.6000,13.5900,13.5800,13.6300,13.6400,13.6500,13.6600,13.6700,447,327,875,1992,1409,86,178,254,481,211
SZ,000001,2019-06-28 09:53:18,13.6200,7,257584.0000,189,S,13.6300,13.6200,13.6100,13.6000,13.5900,13.6400,13.6500,13.6600,13.6700,13.6800,100,390,325,875,1992,136,254,481,211,348
SZ,000001,2019-06-28 09:53:21,13.6400,2,43648.0000,32,B,13.6300,13.6200,13.6100,13.6000,13.5900,13.6400,13.6500,13.6600,13.6700,13.6800,182,390,325,875,1989,106,254,481,211,348
SZ,000001,2019-06-28 09:53:27,13.6500,14,569864.0000,418,B,13.6300,13.6200,13.6100,13.6000,13.5900,13.6400,13.6500,13.6600,13.6700,13.6800,266,42,346,897,1989,74,242,481,211,348
SZ,000001,2019-06-28 09:53:30,13.6400,4,156816.0000,115,B,13.6400,13.6300,13.6200,13.6100,13.6000,13.6500,13.6600,13.6700,13.6800,13.6900,168,228,42,346,897,247,481,211,348,538
SZ,000001,2019-06-28 09:53:36,13.6500,16,273008.0000,200,B,13.6400,13.6300,13.6200,13.6100,13.6000,13.6500,13.6600,13.6700,13.6800,13.6900,168,228,42,346,918,147,481,221,348,538
SZ,000001,2019-06-28 09:53:39,13.6500,5,23200.0000,17,B,13.6400,13.6300,13.6200,13.6100,13.6000,13.6500,13.6600,13.6700,13.6800,13.6900,172,278,42,341,968,135,481,221,348,538
SZ,000001,2019-06-28 09:53:42,13.6500,6,46400.0000,34,B,13.6400,13.6300,13.6200,13.6100,13.6000,13.6500,13.6600,13.6700,13.6800,13.6900,167,277,42,341,968,106,481,209,348,538
SZ,000001,2019-06-28 09:53:48,13.6600,6,180192.0000,132,B,13.6500,13.6400,13.6300,13.6200,13.6100,13.6600,13.6700,13.6800,13.6900,13.7000,233,307,277,35,331,461,209,348,538,780
SZ,000001,2019-06-28 09:53:51,13.6500,4,66896.0000,49,S,13.6500,13.6400,13.6300,13.6200,13.6100,13.6600,13.6700,13.6800,13.6900,13.7000,243,307,277,35,341,452,209,348,538,780
SZ,000001,2019-06-28 09:53:54,13.6600,13,685688.0000,502,B,13.6500,13.6400,13.6300,13.6200,13.6100,13.6600,13.6700,13.6800,13.6900,13.7000,386,307,87,85,341,22,209,348,538,780
SZ,000001,2019-06-28 09:53:57,13.6600,7,143336.0000,105,B,13.6500,13.6400,13.6300,13.6200,13.6100,13.6600,13.6700,13.6800,13.6900,13.7000,297,307,87,85,341,6,209,348,538,780
SZ,000001,2019-06-28 09:54:00,13.6700,11,325864.0000,238,S,13.6700,13.6600,13.6500,13.6400,13.6300,13.6800,13.6900,13.7000,13.7100,13.7200,920,50,297,307,87,338,538,780,712,706
SZ,000001,2019-06-28 09:54:03,13.6700,5,187280.0000,137,S,13.6700,13.6600,13.6500,13.6400,13.6300,13.6800,13.6900,13.7000,13.7100,13.7200,783,85,299,305,37,342,538,780,712,706
SZ,000001,2019-06-28 09:54:06,13.6700,8,872144.0000,638,S,13.6700,13.6600,13.6500,13.6400,13.6300,13.6800,13.6900,13.7000,13.7100,13.7200,147,86,243,305,37,342,518,780,712,700
SZ,000001,2019-06-28 09:54:09,13.6700,29,809064.0000,592,S,13.6600,13.6500,13.6400,13.6300,13.6200,13.6700,13.6800,13.6900,13.7000,13.7100,56,243,305,37,85,33,20,518,780,712
SZ,000001,2019-06-28 09:54:12,13.6500,9,105168.0000,77,S,13.6400,13.6300,13.6200,13.6100,13.6000,13.6500,13.6600,13.6700,13.6800,13.6900,305,37,85,341,985,660,35,44,110,518
SZ,000001,2019-06-28 09:54:15,13.6500,7,339880.0000,249,B,13.6400,13.6300,13.6200,13.6100,13.6000,13.6500,13.6600,13.6700,13.6800,13.6900,724,37,85,341,995,427,35,43,117,518
SZ,000001,2019-06-28 09:54:18,13.6400,5,129640.0000,95,S,13.6400,13.6300,13.6200,13.6100,13.6000,13.6500,13.6600,13.6700,13.6800,13.6900,685,37,85,341,995,372,27,443,117,468
SZ,000001,2019-06-28 09:54:21,13.6400,3,143320.0000,105,S,13.6400,13.6300,13.6200,13.6100,13.6000,13.6500,13.6600,13.6700,13.6800,13.6900,686,37,85,341,1005,318,27,443,51,468
SZ,000001,2019-06-28 09:54:24,13.6400,6,96912.0000,71,S,13.6400,13.6300,13.6200,13.6100,13.6000,13.6500,13.6600,13.6700,13.6800,13.6900,705,37,86,341,1005,55,27,443,51,468
SZ,000001,2019-06-28 09:54:27,13.6500,6,92824.0000,68,B,13.6400,13.6300,13.6200,13.6100,13.6000,13.6500,13.6600,13.6700,13.6800,13.6900,705,37,86,341,1005,11,27,443,51,468
SZ,000001,2019-06-28 09:54:30,13.6500,4,21832.0000,16,B,13.6500,13.6400,13.6300,13.6200,13.6100,13.6600,13.6700,13.6800,13.6900,13.7000,376,703,37,86,341,27,473,51,468,793
SZ,000001,2019-06-28 09:54:33,13.6500,5,262088.0000,192,S,13.6500,13.6400,13.6300,13.6200,13.6100,13.6600,13.6700,13.6800,13.6900,13.7000,187,706,37,86,341,25,473,61,468,793
SZ,000001,2019-06-28 09:54:36,13.6500,1,6824.0000,5,S,13.6500,13.6400,13.6300,13.6200,13.6100,13.6600,13.6700,13.6800,13.6900,13.7000,200,294,37,86,341,25,473,1061,468,783
SZ,000001,2019-06-28 09:54:39,13.6600,5,102376.0000,75,B,13.6500,13.6400,13.6300,13.6200,13.6100,13.6600,13.6700,13.6800,13.6900,13.7000,546,314,37,91,342,41,473,1061,468,789
SZ,000001,2019-06-28 09:54:42,13.6500,4,107848.0000,79,S,13.6500,13.6400,13.6300,13.6200,13.6100,13.6600,13.6700,13.6800,13.6900,13.7000,477,314,37,91,342,43,473,1061,468,789
SZ,000001,2019-06-28 09:54:45,13.6600,4,58736.0000,43,B,13.6600,13.6500,13.6400,13.6300,13.6200,13.6700,13.6800,13.6900,13.7000,13.7100,72,477,319,37,111,473,1061,468,789,713
SZ,000001,2019-06-28 09:54:48,13.6600,7,120208.0000,88,S,13.6500,13.6400,13.6300,13.6200,13.6100,13.6600,13.6700,13.6800,13.6900,13.7000,477,310,37,111,344,153,473,1061,468,789
SZ,000001,2019-06-28 09:54:51,13.6600,10,176160.0000,129,B,13.6500,13.6400,13.6300,13.6200,13.6100,13.6600,13.6700,13.6800,13.6900,13.7000,410,309,37,121,334,318,478,1061,468,789
SZ,000001,2019-06-28 09:54:54,13.6600,6,71024.0000,52,B,13.6500,13.6400,13.6300,13.6200,13.6100,13.6600,13.6700,13.6800,13.6900,13.7000,429,307,37,121,334,279,481,1057,468,789
SZ,000001,2019-06-28 09:54:57,13.6600,3,36888.0000,27,B,13.6500,13.6400,13.6300,13.6200,13.6100,13.6600,13.6700,13.6800,13.6900,13.7000,430,307,37,121,334,874,521,1057,468,789
SZ,000001,2019-06-28 09:55:00,13.6600,6,251200.0000,184,B,13.6500,13.6400,13.6300,13.6200,13.6100,13.6600,13.6700,13.6800,13.6900,13.7000,292,307,37,121,334,828,521,1057,468,771
SZ,000001,2019-06-28 09:55:03,13.6500,3,60064.0000,44,S,13.6500,13.6400,13.6300,13.6200,13.6100,13.6600,13.6700,13.6800,13.6900,13.7000,250,307,45,121,334,832,551,1057,468,771
SZ,000001,2019-06-28 09:55:06,13.6500,15,391720.0000,287,S,13.6400,13.6300,13.6200,13.6100,13.6000,13.6500,13.6600,13.6700,13.6800,13.6900,271,45,141,334,1085,172,836,551,1057,468
SZ,000001,2019-06-28 09:55:09,13.6500,2,5456.0000,4,B,13.6400,13.6300,13.6200,13.6100,13.6000,13.6500,13.6600,13.6700,13.6800,13.6900,271,45,141,334,1099,468,831,551,1057,469
SZ,000001,2019-06-28 09:55:12,13.6400,3,62744.0000,46,S,13.6400,13.6300,13.6200,13.6100,13.6000,13.6500,13.6600,13.6700,13.6800,13.6900,225,78,141,334,1099,1057,834,551,1057,469
SZ,000001,2019-06-28 09:55:15,13.6500,9,124128.0000,91,B,13.6400,13.6300,13.6200,13.6100,13.6000,13.6500,13.6600,13.6700,13.6800,13.6900,139,78,141,334,1099,1352,756,551,1057,469
SZ,000001,2019-06-28 09:55:18,13.6400,17,200504.0000,147,S,13.6300,13.6200,13.6100,13.6000,13.5900,13.6400,13.6500,13.6600,13.6700,13.6800,75,146,334,1099,1312,320,1957,758,551,1067
SZ,000001,2019-06-28 09:55:21,13.6400,1,15008.0000,11,B,13.6300,13.6200,13.6100,13.6000,13.5900,13.6400,13.6500,13.6600,13.6700,13.6800,75,157,334,1099,1312,615,1955,754,551,1067
SZ,000001,2019-06-28 09:55:24,13.6400,2,13632.0000,10,B,13.6300,13.6200,13.6100,13.6000,13.5900,13.6400,13.6500,13.6600,13.6700,13.6800,70,137,334,1099,1312,612,1985,754,551,1067
SZ,000001,2019-06-28 09:55:27,13.6300,2,40904.0000,30,S,13.6300,13.6200,13.6100,13.6000,13.5900,13.6400,13.6500,13.6600,13.6700,13.6800,50,237,347,1099,1312,602,1985,754,551,1067
SZ,000001,2019-06-28 09:55:30,13.6400,1,60016.0000,44,B,13.6300,13.6200,13.6100,13.6000,13.5900,13.6400,13.6500,13.6600,13.6700,13.6800,462,237,347,1099,1312,558,1981,754,551,1067
SZ,000001,2019-06-28 09:55:33,13.6300,7,88592.0000,65,S,13.6300,13.6200,13.6100,13.6000,13.5900,13.6400,13.6500,13.6600,13.6700,13.6800,397,187,347,1099,1312,258,1681,754,551,1067
SZ,000001,2019-06-28 09:55:36,13.6400,2,15008.0000,11,B,13.6300,13.6200,13.6100,13.6000,13.5900,13.6400,13.6500,13.6600,13.6700,13.6800,407,167,347,1099,1312,247,1681,754,551,1067
SZ,000001,2019-06-28 09:55:39,13.6400,2,2720.0000,2,B,13.6300,13.6200,13.6100,13.6000,13.5900,13.6400,13.6500,13.6600,13.6700,13.6800,406,167,347,1099,1312,266,1681,754,551,1067
SZ,000001,2019-06-28 09:55:42,13.6300,3,44984.0000,33,S,13.6300,13.6200,13.6100,13.6000,13.5900,13.6400,13.6500,13.6600,13.6700,13.6800,375,167,347,1109,1258,314,1651,754,551,1067
SZ,000001,2019-06-28 09:55:45,13.6400,1,6824.0000,5,B,13.6300,13.6200,13.6100,13.6000,13.5900,13.6400,13.6500,13.6600,13.6700,13.6800,382,167,357,1145,1258,309,1651,749,551,1067
SZ,000001,2019-06-28 09:55:48,13.6300,2,109040.0000,80,S,13.6300,13.6200,13.6100,13.6000,13.5900,13.6400,13.6500,13.6600,13.6700,13.6800,312,167,357,1150,1258,333,1651,749,551,1067
SZ,000001,2019-06-28 09:55:51,13.6400,3,297344.0000,218,B,13.6300,13.6200,13.6100,13.6000,13.5900,13.6400,13.6500,13.6600,13.6700,13.6800,317,167,357,1163,1258,116,1651,749,551,1067
SZ,000001,2019-06-28 09:55:54,13.6400,2,6816.0000,5,B,13.6300,13.6200,13.6100,13.6000,13.5900,13.6400,13.6500,13.6600,13.6700,13.6800,313,167,357,1165,1258,118,1651,745,551,1067
SZ,000001,2019-06-28 09:55:57,13.6300,6,426624.0000,313,S,13.6200,13.6100,13.6000,13.5900,13.5800,13.6300,13.6400,13.6500,13.6600,13.6700,167,357,1165,1258,1427,2187,151,1651,179,551
SZ,000001,2019-06-28 09:56:00,13.6300,1,1360.0000,1,B,13.6200,13.6100,13.6000,13.5900,13.5800,13.6300,13.6400,13.6500,13.6600,13.6700,168,380,1165,1268,1427,2799,151,1663,179,551
SZ,000001,2019-06-28 09:56:03,13.6200,7,858672.0000,630,S,13.6200,13.6100,13.6000,13.5900,13.5800,13.6300,13.6400,13.6500,13.6600,13.6700,147,375,1173,1268,1427,2194,151,1663,179,551
SZ,000001,2019-06-28 09:56:09,13.6200,9,217928.0000,160,S,13.6100,13.6000,13.5900,13.5800,13.5700,13.6200,13.6300,13.6400,13.6500,13.6600,357,1173,1268,1435,1731,152,2282,151,1673,179
SZ,000001,2019-06-28 09:56:12,13.6200,3,84448.0000,62,B,13.6100,13.6000,13.5900,13.5800,13.5700,13.6200,13.6300,13.6400,13.6500,13.6600,357,1169,1268,1435,1731,697,2282,151,1068,179
SZ,000001,2019-06-28 09:56:15,13.6200,2,16344.0000,12,B,13.6100,13.6000,13.5900,13.5800,13.5700,13.6200,13.6300,13.6400,13.6500,13.6600,357,1169,1268,1445,1731,718,2282,151,1068,179
SZ,000001,2019-06-28 09:56:18,13.6200,3,72184.0000,53,B,13.6100,13.6000,13.5900,13.5800,13.5700,13.6200,13.6300,13.6400,13.6500,13.6600,360,1169,1270,1450,1731,1298,2282,151,465,179
SZ,000001,2019-06-28 09:56:21,13.6200,1,5448.0000,4,B,13.6100,13.6000,13.5900,13.5800,13.5700,13.6200,13.6300,13.6400,13.6500,13.6600,371,1170,1275,1450,1731,1294,2282,121,465,179
SZ,000001,2019-06-28 09:56:24,13.6100,10,236952.0000,174,S,13.6100,13.6000,13.5900,13.5800,13.5700,13.6200,13.6300,13.6400,13.6500,13.6600,336,1195,1275,1450,1731,1155,2282,121,465,179
SZ,000001,2019-06-28 09:56:27,13.6200,3,661936.0000,486,B,13.6100,13.6000,13.5900,13.5800,13.5700,13.6200,13.6300,13.6400,13.6500,13.6600,388,1195,1275,1442,1731,675,2282,121,465,179
SZ,000001,2019-06-28 09:56:30,13.6200,11,581560.0000,427,B,13.6100,13.6000,13.5900,13.5800,13.5700,13.6200,13.6300,13.6400,13.6500,13.6600,403,1222,1275,1442,1731,264,2282,120,465,179
SZ,000001,2019-06-28 09:56:33,13.6200,12,656680.0000,482,B,13.6200,13.6100,13.6000,13.5900,13.5800,13.6300,13.6400,13.6500,13.6600,13.6700,398,403,1241,1275,1442,2083,136,470,179,551
SZ,000001,2019-06-28 09:56:36,13.6300,8,107672.0000,79,B,13.6200,13.6100,13.6000,13.5900,13.5800,13.6300,13.6400,13.6500,13.6600,13.6700,418,413,1241,1275,1443,2004,130,470,179,551
SZ,000001,2019-06-28 09:56:39,13.6300,2,8184.0000,6,B,13.6200,13.6100,13.6000,13.5900,13.5800,13.6300,13.6400,13.6500,13.6600,13.6700,312,443,1341,1275,1453,1999,130,470,179,551
SZ,000001,2019-06-28 09:56:42,13.6300,2,137656.0000,101,B,13.6200,13.6100,13.6000,13.5900,13.5800,13.6300,13.6400,13.6500,13.6600,13.6700,725,443,1341,1275,1453,1899,130,468,179,551
SZ,000001,2019-06-28 09:56:45,13.6300,3,23176.0000,17,B,13.6200,13.6100,13.6000,13.5900,13.5800,13.6300,13.6400,13.6500,13.6600,13.6700,735,543,1341,1275,1453,1882,130,488,179,551
SZ,000001,2019-06-28 09:56:48,13.6300,7,569720.0000,418,B,13.6200,13.6100,13.6000,13.5900,13.5800,13.6300,13.6400,13.6500,13.6600,13.6700,776,533,1349,1275,1453,1474,130,488,179,551
SZ,000001,2019-06-28 09:56:51,13.6400,20,2127736.0000,1561,B,13.6300,13.6200,13.6100,13.6000,13.5900,13.6400,13.6500,13.6600,13.6700,13.6800,71,841,541,1349,1275,43,488,179,551,1042
SZ,000001,2019-06-28 09:56:54,13.6400,6,72288.0000,53,B,13.6400,13.6300,13.6200,13.6100,13.6000,13.6500,13.6600,13.6700,13.6800,13.6900,671,128,841,541,1349,488,182,551,1042,969
SZ,000001,2019-06-28 09:56:57,13.6500,10,670216.0000,491,B,13.6500,13.6400,13.6300,13.6200,13.6100,13.6600,13.6700,13.6800,13.6900,13.7000,34,84,68,641,541,182,551,1042,969,834
SZ,000001,2019-06-28 09:57:00,13.6500,2,16384.0000,12,S,13.6500,13.6400,13.6300,13.6200,13.6100,13.6600,13.6700,13.6800,13.6900,13.7000,17,85,68,631,539,182,551,1042,969,834
SZ,000001,2019-06-28 09:57:03,13.6600,3,16376.0000,12,B,13.6500,13.6400,13.6300,13.6200,13.6100,13.6600,13.6700,13.6800,13.6900,13.7000,8,85,25,601,489,184,551,1042,969,1254
SZ,000001,2019-06-28 09:57:09,13.6500,9,510536.0000,374,S,13.6500,13.6400,13.6300,13.6200,13.6100,13.6600,13.6700,13.6800,13.6900,13.7000,74,135,25,189,429,160,551,1042,969,1254
SZ,000001,2019-06-28 09:57:12,13.6500,1,6824.0000,5,S,13.6500,13.6400,13.6300,13.6200,13.6100,13.6600,13.6700,13.6800,13.6900,13.7000,275,135,24,189,739,160,551,1043,969,1254
SZ,000001,2019-06-28 09:57:15,13.6600,8,210360.0000,154,B,13.6500,13.6400,13.6300,13.6200,13.6100,13.6600,13.6700,13.6800,13.6900,13.7000,288,51,23,199,739,7,551,1043,969,1254
SZ,000001,2019-06-28 09:57:18,13.6600,8,188376.0000,138,B,13.6500,13.6400,13.6300,13.6200,13.6100,13.6600,13.6700,13.6800,13.6900,13.7000,155,54,93,209,739,3,573,1043,969,1276
SZ,000001,2019-06-28 09:57:21,13.6600,1,4104.0000,3,B,13.6600,13.6500,13.6400,13.6300,13.6200,13.6700,13.6800,13.6900,13.7000,13.7100,29,155,4,93,209,573,1043,969,1276,423
SZ,000001,2019-06-28 09:57:27,13.6700,4,45104.0000,33,B,13.6600,13.6500,13.6400,13.6300,13.6200,13.6700,13.6800,13.6900,13.7000,13.7100,90,166,4,103,209,542,1043,969,1276,423
SZ,000001,2019-06-28 09:57:30,13.6600,5,95688.0000,70,S,13.6600,13.6500,13.6400,13.6300,13.6200,13.6700,13.6800,13.6900,13.7000,13.7100,98,176,4,103,194,685,1063,969,1276,423
SZ,000001,2019-06-28 09:57:33,13.6700,3,68328.0000,50,B,13.6600,13.6500,13.6400,13.6300,13.6200,13.6700,13.6800,13.6900,13.7000,13.7100,73,176,4,103,194,755,1063,969,1276,423
SZ,000001,2019-06-28 09:57:36,13.6700,5,251528.0000,184,B,13.6600,13.6500,13.6400,13.6300,13.6200,13.6700,13.6800,13.6900,13.7000,13.7100,73,226,4,103,129,571,1063,969,1276,423
SZ,000001,2019-06-28 09:57:39,13.6700,1,2736.0000,2,B,13.6600,13.6500,13.6400,13.6300,13.6200,13.6700,13.6800,13.6900,13.7000,13.7100,73,226,4,45,129,569,1063,969,1276,423
SZ,000001,2019-06-28 09:57:42,13.6700,3,5464.0000,4,B,13.6600,13.6500,13.6400,13.6300,13.6200,13.6700,13.6800,13.6900,13.7000,13.7100,70,226,4,45,129,528,1062,969,1276,423
SZ,000001,2019-06-28 09:57:45,13.6600,3,47824.0000,35,S,13.6600,13.6500,13.6400,13.6300,13.6200,13.6700,13.6800,13.6900,13.7000,13.7100,108,226,4,95,169,513,1062,969,1276,423
SZ,000001,2019-06-28 09:57:48,13.6600,4,69664.0000,51,S,13.6600,13.6500,13.6400,13.6300,13.6200,13.6700,13.6800,13.6900,13.7000,13.7100,27,226,4,95,179,513,1062,669,1276,423
SZ,000001,2019-06-28 09:57:51,13.6600,3,40984.0000,30,S,13.6500,13.6400,13.6300,13.6200,13.6100,13.6600,13.6700,13.6800,13.6900,13.7000,95,4,95,179,711,13,563,1062,669,1276
SZ,000001,2019-06-28 09:57:54,13.6700,7,131216.0000,96,B,13.6600,13.6500,13.6400,13.6300,13.6200,13.6700,13.6800,13.6900,13.7000,13.7100,20,506,4,95,179,485,1062,669,1276,423
SZ,000001,2019-06-28 09:57:57,13.6700,1,6832.0000,5,B,13.6600,13.6500,13.6400,13.6300,13.6200,13.6700,13.6800,13.6900,13.7000,13.7100,28,507,4,95,184,480,1062,669,1277,423
SZ,000001,2019-06-28 09:58:00,13.6700,3,13672.0000,10,B,13.6600,13.6500,13.6400,13.6300,13.6200,13.6700,13.6800,13.6900,13.7000,13.7100,128,507,4,95,184,470,1062,669,1277,423
SZ,000001,2019-06-28 09:58:03,13.6700,5,77920.0000,57,B,13.6600,13.6500,13.6400,13.6300,13.6200,13.6700,13.6800,13.6900,13.7000,13.7100,269,507,4,95,190,417,1062,677,1277,423
SZ,000001,2019-06-28 09:58:06,13.6700,4,66984.0000,49,B,13.6600,13.6500,13.6400,13.6300,13.6200,13.6700,13.6800,13.6900,13.7000,13.7100,269,507,4,100,190,370,1062,677,1302,423
SZ,000001,2019-06-28 09:58:09,13.6700,4,23224.0000,17,B,13.6600,13.6500,13.6400,13.6300,13.6200,13.6700,13.6800,13.6900,13.7000,13.7100,265,507,4,90,190,364,1062,677,1302,423
SZ,000001,2019-06-28 09:58:12,13.6700,2,39648.0000,29,B,13.6600,13.6500,13.6400,13.6300,13.6200,13.6700,13.6800,13.6900,13.7000,13.7100,259,507,4,100,190,335,1062,677,1302,723
SZ,000001,2019-06-28 09:58:15,13.6600,5,58744.0000,43,S,13.6600,13.6500,13.6400,13.6300,13.6200,13.6700,13.6800,13.6900,13.7000,13.7100,237,507,1,100,190,344,1062,677,1302,722
SZ,000001,2019-06-28 09:58:18,13.6600,6,161192.0000,118,S,13.6600,13.6500,13.6400,13.6300,13.6200,13.6700,13.6800,13.6900,13.7000,13.7100,119,507,1,100,190,344,1062,677,1302,722
SZ,000001,2019-06-28 09:58:21,13.6700,20,1857344.0000,1358,B,13.6700,13.6600,13.6500,13.6400,13.6300,13.6800,13.6900,13.7000,13.7100,13.7200,28,101,96,1,100,88,677,1302,722,755
SZ,000001,2019-06-28 09:58:24,13.6700,17,571120.0000,418,S,13.6700,13.6600,13.6500,13.6400,13.6300,13.6800,13.6900,13.7000,13.7100,13.7200,12,342,100,1,100,94,677,1302,722,755
SZ,000001,2019-06-28 09:58:27,13.6600,8,501352.0000,367,S,13.6500,13.6400,13.6300,13.6200,13.6100,13.6600,13.6700,13.6800,13.6900,13.7000,100,1,100,170,705,312,19,92,777,1302
SZ,000001,2019-06-28 09:58:30,13.6600,1,13656.0000,10,B,13.6500,13.6400,13.6300,13.6200,13.6100,13.6600,13.6700,13.6800,13.6900,13.7000,100,1,100,175,705,306,19,90,784,1302
SZ,000001,2019-06-28 09:58:36,13.6500,8,77840.0000,57,S,13.6500,13.6400,13.6300,13.6200,13.6100,13.6600,13.6700,13.6800,13.6900,13.7000,76,100,100,175,705,288,21,120,784,1302
SZ,000001,2019-06-28 09:58:39,13.6600,5,81960.0000,60,B,13.6500,13.6400,13.6300,13.6200,13.6100,13.6600,13.6700,13.6800,13.6900,13.7000,91,100,100,175,705,228,21,120,784,1302
