市场代码,证券代码,时间,最新价,成交笔数,成交额,成交量,方向,买一价,买二价,买三价,买四价,买五价,卖一价,卖二价,卖三价,卖四价,卖五价,买一量,买二量,买三量,买四量,买五量,卖一量,卖二量,卖三量,卖四量,卖五量
SZ,000001,2019-06-04 09:25:03,11.8900,249,5596623.0000,4707,S,11.8900,11.8800,11.8700,11.8600,11.8500,11.9000,11.9100,11.9200,11.9300,11.9400,27,191,410,161,450,3717,1624,875,87,211
SZ,000001,2019-06-04 09:30:03,11.8800,156,3675958.0000,3093,S,11.8700,11.8600,11.8500,11.8400,11.8300,11.8800,11.8900,11.9000,11.9100,11.9200,337,319,830,269,509,31,886,4731,1569,696
SZ,000001,2019-06-04 09:30:06,11.8700,37,521426.0000,439,S,11.8700,11.8600,11.8500,11.8400,11.8300,11.8800,11.8900,11.9000,11.9100,11.9200,792,283,861,271,609,96,1226,4820,1599,696
SZ,000001,2019-06-04 09:30:09,11.8800,40,1229974.0000,1036,B,11.8700,11.8600,11.8500,11.8400,11.8300,11.8800,11.8900,11.9000,11.9100,11.9200,76,5743,868,271,614,15,2367,4729,1599,696
SZ,000001,2019-06-04 09:30:12,11.8700,15,291046.0000,245,S,11.8700,11.8600,11.8500,11.8400,11.8300,11.8900,11.9000,11.9100,11.9200,11.9300,274,5751,868,271,614,2426,4729,1599,696,345
SZ,000001,2019-06-04 09:30:15,11.8800,6,96191.0000,81,B,11.8800,11.8700,11.8600,11.8500,11.8400,11.8900,11.9000,11.9100,11.9200,11.9300,14,491,5751,868,345,2658,4459,1598,696,345
SZ,000001,2019-06-04 09:30:18,11.8800,6,181868.0000,153,S,11.8700,11.8600,11.8500,11.8400,11.8300,11.8800,11.8900,11.9000,11.9100,11.9200,473,5751,867,345,614,51,2868,3854,1598,696
SZ,000001,2019-06-04 09:30:21,11.8700,16,327728.0000,276,S,11.8700,11.8600,11.8500,11.8400,11.8300,11.8800,11.8900,11.9000,11.9100,11.9200,467,5771,872,345,614,28,2706,3854,1598,696
SZ,000001,2019-06-04 09:30:24,11.8800,14,741448.0000,624,B,11.8800,11.8700,11.8600,11.8500,11.8400,11.8900,11.9000,11.9100,11.9200,11.9300,360,567,5771,872,345,2560,3854,1598,696,345
SZ,000001,2019-06-04 09:30:27,11.8800,14,563262.0000,474,S,11.8800,11.8700,11.8600,11.8500,11.8400,11.8900,11.9000,11.9100,11.9200,11.9300,416,625,5776,872,345,2410,3854,1598,696,345
SZ,000001,2019-06-04 09:30:30,11.8900,18,475572.0000,400,B,11.8800,11.8700,11.8600,11.8500,11.8400,11.8900,11.9000,11.9100,11.9200,11.9300,559,691,5793,867,271,2033,3854,1504,696,345
SZ,000001,2019-06-04 09:30:33,11.8800,27,874964.0000,736,S,11.8800,11.8700,11.8600,11.8500,11.8400,11.8900,11.9000,11.9100,11.9200,11.9300,691,653,5793,872,301,1437,3854,1404,696,345
SZ,000001,2019-06-04 09:30:36,11.8900,8,261550.0000,220,B,11.8800,11.8700,11.8600,11.8500,11.8400,11.8900,11.9000,11.9100,11.9200,11.9300,661,671,5793,946,301,1247,3854,1404,696,347
SZ,000001,2019-06-04 09:30:39,11.8900,6,192492.0000,162,B,11.8800,11.8700,11.8600,11.8500,11.8400,11.8900,11.9000,11.9100,11.9200,11.9300,625,671,5793,976,301,1265,3853,1404,696,347
SZ,000001,2019-06-04 09:30:42,11.8800,3,59429.0000,50,S,11.8800,11.8700,11.8600,11.8500,11.8400,11.8900,11.9000,11.9100,11.9200,11.9300,691,712,5793,976,301,1223,3853,1396,696,347
SZ,000001,2019-06-04 09:30:45,11.8900,3,48745.0000,41,B,11.8800,11.8700,11.8600,11.8500,11.8400,11.8900,11.9000,11.9100,11.9200,11.9300,737,717,5793,934,301,1224,3853,1396,696,347
SZ,000001,2019-06-04 09:30:48,11.8800,12,248360.0000,209,S,11.8800,11.8700,11.8600,11.8500,11.8400,11.8900,11.9000,11.9100,11.9200,11.9300,613,729,5793,940,301,1240,3863,1396,696,347
SZ,000001,2019-06-04 09:30:51,11.8800,5,57034.0000,48,S,11.8800,11.8700,11.8600,11.8500,11.8400,11.8900,11.9000,11.9100,11.9200,11.9300,850,741,5794,940,304,1237,3563,1396,696,347
SZ,000001,2019-06-04 09:30:54,11.8800,6,87956.0000,74,S,11.8800,11.8700,11.8600,11.8500,11.8400,11.8900,11.9000,11.9100,11.9200,11.9300,920,760,5794,940,304,1257,3563,1396,696,347
SZ,000001,2019-06-04 09:30:57,11.8800,6,120019.0000,101,S,11.8800,11.8700,11.8600,11.8500,11.8400,11.8900,11.9000,11.9100,11.9200,11.9300,841,860,5794,782,304,1263,3571,1396,696,347
SZ,000001,2019-06-04 09:31:00,11.8900,6,257919.0000,217,B,11.8800,11.8700,11.8600,11.8500,11.8400,11.8900,11.9000,11.9100,11.9200,11.9300,758,860,5802,787,304,1142,3571,1386,696,347
SZ,000001,2019-06-04 09:31:03,11.8800,10,171090.0000,144,S,11.8800,11.8700,11.8600,11.8500,11.8400,11.8900,11.9000,11.9100,11.9200,11.9300,678,1081,5795,787,304,1415,3571,1373,696,347
SZ,000001,2019-06-04 09:31:06,11.8800,7,131960.0000,111,S,11.8800,11.8700,11.8600,11.8500,11.8400,11.8900,11.9000,11.9100,11.9200,11.9300,831,1171,5795,747,304,1323,3521,1373,696,347
SZ,000001,2019-06-04 09:31:09,11.8800,11,297218.0000,250,S,11.8800,11.8700,11.8600,11.8500,11.8400,11.8900,11.9000,11.9100,11.9200,11.9300,883,1136,5795,673,304,1072,3526,1373,696,347
SZ,000001,2019-06-04 09:31:12,11.8900,22,306612.0000,258,B,11.8800,11.8700,11.8600,11.8500,11.8400,11.8900,11.9000,11.9100,11.9200,11.9300,978,1141,5805,674,304,964,3526,1373,696,347
SZ,000001,2019-06-04 09:31:15,11.8900,32,848900.0000,714,B,11.8800,11.8700,11.8600,11.8500,11.8400,11.8900,11.9000,11.9100,11.9200,11.9300,997,1136,5815,674,304,296,3526,1373,696,347
SZ,000001,2019-06-04 09:31:18,11.8900,24,624276.0000,525,B,11.8900,11.8800,11.8700,11.8600,11.8500,11.9000,11.9100,11.9200,11.9300,11.9400,35,968,1036,5815,674,3437,1373,696,347,1542
SZ,000001,2019-06-04 09:31:21,11.8900,11,243852.0000,205,S,11.8900,11.8800,11.8700,11.8600,11.8500,11.9000,11.9100,11.9200,11.9300,11.9400,44,951,1041,5815,674,3530,1373,696,347,1542
SZ,000001,2019-06-04 09:31:24,11.9000,6,253450.0000,213,B,11.8900,11.8800,11.8700,11.8600,11.8500,11.9000,11.9100,11.9200,11.9300,11.9400,97,952,1119,5815,674,3337,1373,696,347,1542
SZ,000001,2019-06-04 09:31:27,11.9000,2,30934.0000,26,B,11.8900,11.8800,11.8700,11.8600,11.8500,11.9000,11.9100,11.9200,11.9300,11.9400,713,952,1119,5815,674,3316,1373,696,347,1542
SZ,000001,2019-06-04 09:31:30,11.9000,10,1817124.0000,1527,B,11.8900,11.8800,11.8700,11.8600,11.8500,11.9000,11.9100,11.9200,11.9300,11.9400,808,1125,1278,5855,674,1848,1373,696,347,1542
SZ,000001,2019-06-04 09:31:33,11.9000,22,949616.0000,798,B,11.8900,11.8800,11.8700,11.8600,11.8500,11.9000,11.9100,11.9200,11.9300,11.9400,1206,992,1262,5855,674,1054,1373,726,347,1542
SZ,000001,2019-06-04 09:31:36,11.9000,17,1370884.0000,1152,B,11.9000,11.8900,11.8800,11.8700,11.8600,11.9100,11.9200,11.9300,11.9400,11.9500,899,1283,997,1280,5837,1569,739,347,1542,2342
SZ,000001,2019-06-04 09:31:39,11.9100,36,2393910.0000,2010,B,11.9100,11.9000,11.8900,11.8800,11.8700,11.9200,11.9300,11.9400,11.9500,11.9600,82,1187,1223,998,1280,602,347,1542,2342,146
SZ,000001,2019-06-04 09:31:42,11.9300,28,730700.0000,613,B,11.9200,11.9100,11.9000,11.8900,11.8800,11.9300,11.9400,11.9500,11.9600,11.9700,62,248,1127,1228,956,340,1542,2342,146,649
SZ,000001,2019-06-04 09:31:45,11.9300,17,252906.0000,212,B,11.9200,11.9100,11.9000,11.8900,11.8800,11.9300,11.9400,11.9500,11.9600,11.9700,656,91,1138,1188,956,138,1545,2342,146,649
SZ,000001,2019-06-04 09:31:48,11.9200,41,1281940.0000,1074,S,11.9200,11.9100,11.9000,11.8900,11.8800,11.9300,11.9400,11.9500,11.9600,11.9700,466,91,1119,1158,976,56,702,2342,149,649
SZ,000001,2019-06-04 09:31:51,11.9400,12,142026.0000,119,B,11.9300,11.9200,11.9100,11.9000,11.8900,11.9400,11.9500,11.9600,11.9700,11.9800,101,728,92,781,1162,644,2342,149,649,2648
SZ,000001,2019-06-04 09:31:54,11.9300,27,726386.0000,609,S,11.9200,11.9100,11.9000,11.8900,11.8800,11.9300,11.9400,11.9500,11.9600,11.9700,463,92,775,1162,976,12,603,2344,149,699
SZ,000001,2019-06-04 09:31:57,11.9300,9,349806.0000,293,B,11.9200,11.9100,11.9000,11.8900,11.8800,11.9300,11.9400,11.9500,11.9600,11.9700,537,119,778,915,988,90,378,2344,144,728
SZ,000001,2019-06-04 09:32:00,11.9400,12,430878.0000,361,B,11.9300,11.9200,11.9100,11.9000,11.8900,11.9400,11.9500,11.9600,11.9700,11.9800,15,585,119,778,907,231,2444,144,728,2648
SZ,000001,2019-06-04 09:32:03,11.9400,11,181484.0000,152,B,11.9300,11.9200,11.9100,11.9000,11.8900,11.9400,11.9500,11.9600,11.9700,11.9800,137,512,119,779,937,109,2424,144,728,2648
SZ,000001,2019-06-04 09:32:06,11.9300,11,122902.0000,103,S,11.9300,11.9200,11.9100,11.9000,11.8900,11.9400,11.9500,11.9600,11.9700,11.9800,355,324,119,779,937,1701,2424,144,728,2648
SZ,000001,2019-06-04 09:32:09,11.9400,29,762790.0000,639,B,11.9300,11.9200,11.9100,11.9000,11.8900,11.9400,11.9500,11.9600,11.9700,11.9800,423,324,119,667,937,1650,2433,194,728,2648
SZ,000001,2019-06-04 09:32:12,11.9300,20,812610.0000,681,S,11.9300,11.9200,11.9100,11.9000,11.8900,11.9400,11.9500,11.9600,11.9700,11.9800,40,324,97,672,1060,1889,2433,204,928,2651
SZ,000001,2019-06-04 09:32:15,11.9300,7,416346.0000,349,S,11.9200,11.9100,11.9000,11.8900,11.8800,11.9300,11.9400,11.9500,11.9600,11.9700,314,97,682,1065,952,735,2751,2440,204,958
SZ,000001,2019-06-04 09:32:18,11.9300,30,1080486.0000,906,B,11.9200,11.9100,11.9000,11.8900,11.8800,11.9300,11.9400,11.9500,11.9600,11.9700,203,97,682,847,445,448,2781,2440,204,958
SZ,000001,2019-06-04 09:32:21,11.9200,17,436434.0000,366,S,11.9100,11.9000,11.8900,11.8800,11.8700,11.9200,11.9300,11.9400,11.9500,11.9600,317,682,847,442,961,3,1443,2789,2440,404
SZ,000001,2019-06-04 09:32:24,11.9100,18,393052.0000,330,S,11.9000,11.8900,11.8800,11.8700,11.8600,11.9200,11.9300,11.9400,11.9500,11.9600,788,1052,444,961,5903,92,12139,2792,2440,404
SZ,000001,2019-06-04 09:32:27,11.9200,6,111884.0000,94,B,11.9000,11.8900,11.8800,11.8700,11.8600,11.9200,11.9300,11.9400,11.9500,11.9600,661,974,444,761,5903,172,12319,2006,2440,404
SZ,000001,2019-06-04 09:32:30,11.9000,23,768544.0000,645,S,11.9000,11.8900,11.8800,11.8700,11.8600,11.9100,11.9200,11.9300,11.9400,11.9500,557,974,444,781,6003,1,32,11634,2006,2440
SZ,000001,2019-06-04 09:32:33,11.9000,13,161880.0000,136,S,11.9000,11.8900,11.8800,11.8700,11.8600,11.9100,11.9200,11.9300,11.9400,11.9500,901,973,357,781,6008,499,40,11634,1942,2440
SZ,000001,2019-06-04 09:32:36,11.9000,12,239288.0000,201,S,11.9000,11.8900,11.8800,11.8700,11.8600,11.9100,11.9200,11.9300,11.9400,11.9500,829,967,357,781,6008,402,247,11567,1527,2440
SZ,000001,2019-06-04 09:32:39,11.9000,40,2038072.0000,1712,S,11.9000,11.8900,11.8800,11.8700,11.8600,11.9100,11.9200,11.9300,11.9400,11.9500,5,1043,357,888,6088,390,477,11562,652,2440
SZ,000001,2019-06-04 09:32:42,11.9000,12,371280.0000,312,S,11.8900,11.8800,11.8700,11.8600,11.8500,11.9000,11.9100,11.9200,11.9300,11.9400,1046,357,928,5988,680,290,455,1899,11559,652
SZ,000001,2019-06-04 09:32:45,11.9100,9,492708.0000,414,B,11.9000,11.8900,11.8800,11.8700,11.8600,11.9100,11.9200,11.9300,11.9400,11.9500,294,1074,335,938,5993,405,3066,11294,652,2440
SZ,000001,2019-06-04 09:32:48,11.9100,12,585904.0000,492,B,11.9000,11.8900,11.8800,11.8700,11.8600,11.9100,11.9200,11.9300,11.9400,11.9500,363,1074,343,1045,5993,581,3235,11496,852,2440
SZ,000001,2019-06-04 09:32:51,11.9100,2,259432.0000,218,B,11.9000,11.8900,11.8800,11.8700,11.8600,11.9100,11.9200,11.9300,11.9400,11.9500,302,1074,351,1045,5993,613,3235,11325,852,2431
SZ,000001,2019-06-04 09:32:54,11.9100,6,48816.0000,41,B,11.9000,11.8900,11.8800,11.8700,11.8600,11.9100,11.9200,11.9300,11.9400,11.9500,239,1329,358,1149,5993,584,3212,11325,852,2431
SZ,000001,2019-06-04 09:32:57,11.9000,11,267852.0000,225,S,11.9000,11.8900,11.8800,11.8700,11.8600,11.9100,11.9200,11.9300,11.9400,11.9500,143,1325,363,1159,5993,508,2998,11325,906,2431
SZ,000001,2019-06-04 09:33:00,11.9100,8,421512.0000,354,B,11.9000,11.8900,11.8800,11.8700,11.8600,11.9100,11.9200,11.9300,11.9400,11.9500,51,1330,363,1159,5993,267,3065,11336,971,2431
SZ,000001,2019-06-04 09:33:03,11.9000,19,655692.0000,551,S,11.8900,11.8800,11.8700,11.8600,11.8500,11.9000,11.9100,11.9200,11.9300,11.9400,1411,323,1159,5993,710,529,600,3065,11486,971
SZ,000001,2019-06-04 09:33:06,11.9000,5,77348.0000,65,B,11.8900,11.8800,11.8700,11.8600,11.8500,11.9000,11.9100,11.9200,11.9300,11.9400,1715,323,1161,5994,710,644,600,3135,11273,971
SZ,000001,2019-06-04 09:33:09,11.9000,4,345100.0000,290,B,11.8900,11.8800,11.8700,11.8600,11.8500,11.9000,11.9100,11.9200,11.9300,11.9400,1718,340,1171,5997,710,476,626,3035,11273,971
SZ,000001,2019-06-04 09:33:12,11.8900,38,2256864.0000,1898,S,11.8800,11.8700,11.8600,11.8500,11.8400,11.8900,11.9000,11.9100,11.9200,11.9300,390,1171,5997,710,315,778,10472,311,2997,11273
SZ,000001,2019-06-04 09:33:15,11.8900,10,71316.0000,60,B,11.8800,11.8700,11.8600,11.8500,11.8400,11.8900,11.9000,11.9100,11.9200,11.9300,575,998,6004,710,315,486,10699,311,2934,11294
SZ,000001,2019-06-04 09:33:18,11.8900,7,569504.0000,479,B,11.8800,11.8700,11.8600,11.8500,11.8400,11.8900,11.9000,11.9100,11.9200,11.9300,636,998,6014,680,315,189,10700,411,2927,11294
SZ,000001,2019-06-04 09:33:21,11.8800,16,229444.0000,193,S,11.8800,11.8700,11.8600,11.8500,11.8400,11.8900,11.9000,11.9100,11.9200,11.9300,692,998,6014,680,315,188,10692,407,2927,11299
SZ,000001,2019-06-04 09:33:24,11.8900,7,149784.0000,126,B,11.8800,11.8700,11.8600,11.8500,11.8400,11.8900,11.9000,11.9100,11.9200,11.9300,762,998,6014,690,315,261,10692,407,2885,11299
SZ,000001,2019-06-04 09:33:27,11.8800,38,1160656.0000,977,S,11.8700,11.8600,11.8500,11.8400,11.8300,11.8800,11.8900,11.9000,11.9100,11.9200,995,6027,690,315,528,1328,372,10692,407,2011
SZ,000001,2019-06-04 09:33:30,11.8800,11,300504.0000,253,B,11.8700,11.8600,11.8500,11.8400,11.8300,11.8800,11.8900,11.9000,11.9100,11.9200,1028,6027,690,317,528,1324,378,10692,407,2007
SZ,000001,2019-06-04 09:33:33,11.8700,10,185232.0000,156,S,11.8700,11.8600,11.8500,11.8400,11.8300,11.8800,11.8900,11.9000,11.9100,11.9200,1049,6027,688,317,528,1264,388,10692,269,1993
SZ,000001,2019-06-04 09:33:36,11.8800,6,53448.0000,45,B,11.8700,11.8600,11.8500,11.8400,11.8300,11.8800,11.8900,11.9000,11.9100,11.9200,1265,6027,700,317,538,1293,388,10692,169,1856
SZ,000001,2019-06-04 09:33:39,11.8700,50,1967248.0000,1657,S,11.8600,11.8500,11.8400,11.8300,11.8200,11.8700,11.8800,11.8900,11.9000,11.9100,6222,700,317,538,1388,144,904,341,10692,169
SZ,000001,2019-06-04 09:33:42,11.8700,5,173304.0000,146,B,11.8600,11.8500,11.8400,11.8300,11.8200,11.8700,11.8800,11.8900,11.9000,11.9100,6740,702,317,533,1377,293,855,1215,10472,169
SZ,000001,2019-06-04 09:33:45,11.8600,20,378380.0000,319,S,11.8600,11.8500,11.8400,11.8300,11.8200,11.8700,11.8800,11.8900,11.9000,11.9100,6178,683,317,533,1381,431,896,1212,10472,158
SZ,000001,2019-06-04 09:33:48,11.8900,42,1982564.0000,1669,B,11.8600,11.8500,11.8400,11.8300,11.8200,11.8700,11.8900,11.9000,11.9100,11.9200,6517,713,347,533,1381,50,1012,10477,158,1858
SZ,000001,2019-06-04 09:33:51,11.8700,2,5928.0000,5,B,11.8600,11.8500,11.8400,11.8300,11.8200,11.8700,11.8900,11.9000,11.9100,11.9200,6513,513,347,544,1381,110,1012,10657,158,1858
SZ,000001,2019-06-04 09:33:54,11.8700,11,283692.0000,239,B,11.8600,11.8500,11.8400,11.8300,11.8200,11.8700,11.8900,11.9000,11.9100,11.9200,6515,514,347,544,1381,46,1012,10652,158,1858
SZ,000001,2019-06-04 09:33:57,11.8700,4,54604.0000,46,B,11.8600,11.8500,11.8400,11.8300,11.8200,11.8700,11.8900,11.9000,11.9100,11.9200,6806,514,347,544,1381,6,1048,10551,158,1849
SZ,000001,2019-06-04 09:34:00,11.8700,13,562144.0000,473,B,11.8700,11.8600,11.8500,11.8400,11.8300,11.8900,11.9000,11.9100,11.9200,11.9300,6,6759,514,347,544,687,10551,158,1899,10943
SZ,000001,2019-06-04 09:34:03,11.8800,21,1643552.0000,1385,B,11.8700,11.8600,11.8500,11.8400,11.8300,11.8900,11.9000,11.9100,11.9200,11.9300,90,5697,529,347,544,646,10551,127,1899,10943
SZ,000001,2019-06-04 09:34:06,11.8900,3,112956.0000,95,B,11.8700,11.8600,11.8500,11.8400,11.8300,11.8800,11.8900,11.9000,11.9100,11.9200,473,5692,571,347,552,8,590,10673,127,1899
SZ,000001,2019-06-04 09:34:09,11.8800,9,112836.0000,95,B,11.8800,11.8700,11.8600,11.8500,11.8400,11.8900,11.9000,11.9100,11.9200,11.9300,17,868,5291,571,347,615,10673,127,1733,10943
SZ,000001,2019-06-04 09:34:12,11.8800,34,5234880.0000,4413,S,11.8800,11.8700,11.8600,11.8500,11.8400,11.8900,11.9000,11.9100,11.9200,11.9300,3,98,2027,571,347,547,10673,127,1725,10943
SZ,000001,2019-06-04 09:34:15,11.8900,5,172404.0000,145,B,11.8800,11.8700,11.8600,11.8500,11.8400,11.8900,11.9000,11.9100,11.9200,11.9300,103,313,1852,571,347,1041,10673,127,1725,10943
SZ,000001,2019-06-04 09:34:18,11.8800,30,2025396.0000,1704,S,11.8800,11.8700,11.8600,11.8500,11.8400,11.8900,11.9000,11.9100,11.9200,11.9300,1,600,1691,571,347,12,10551,127,1725,10943
SZ,000001,2019-06-04 09:34:21,11.9000,18,337576.0000,284,B,11.8800,11.8700,11.8600,11.8500,11.8400,11.9000,11.9100,11.9200,11.9300,11.9400,101,359,1716,571,348,10552,127,1736,10943,579
SZ,000001,2019-06-04 09:34:24,11.8800,8,193644.0000,163,S,11.8700,11.8600,11.8500,11.8400,11.8300,11.8800,11.8900,11.9000,11.9100,11.9200,359,1728,576,348,575,46,30,10553,127,1736
SZ,000001,2019-06-04 09:34:27,11.8900,12,158092.0000,133,B,11.8900,11.8800,11.8700,11.8600,11.8500,11.9000,11.9100,11.9200,11.9300,11.9400,281,49,359,1728,576,10528,147,1736,10946,705
SZ,000001,2019-06-04 09:34:30,11.9000,10,573528.0000,482,B,11.8900,11.8800,11.8700,11.8600,11.8500,11.9000,11.9100,11.9200,11.9300,11.9400,246,80,374,1721,568,10099,131,1858,10946,705
SZ,000001,2019-06-04 09:34:33,11.8900,2,34504.0000,29,S,11.8900,11.8800,11.8700,11.8600,11.8500,11.9000,11.9100,11.9200,11.9300,11.9400,257,82,487,1709,561,10093,131,1858,10946,705
SZ,000001,2019-06-04 09:34:36,11.8900,12,620660.0000,522,S,11.8800,11.8700,11.8600,11.8500,11.8400,11.8900,11.9000,11.9100,11.9200,11.9300,82,487,1714,568,348,910,10093,131,1869,10946
SZ,000001,2019-06-04 09:34:39,11.8900,3,89172.0000,75,B,11.8800,11.8700,11.8600,11.8500,11.8400,11.8900,11.9000,11.9100,11.9200,11.9300,110,501,1711,573,353,956,10105,111,1869,10946
SZ,000001,2019-06-04 09:34:42,11.8900,5,72496.0000,61,B,11.8800,11.8700,11.8600,11.8500,11.8400,11.8900,11.9000,11.9100,11.9200,11.9300,314,800,1825,586,363,974,10142,111,1869,10946
SZ,000001,2019-06-04 09:34:45,11.8900,8,97496.0000,82,B,11.8800,11.8700,11.8600,11.8500,11.8400,11.8900,11.9000,11.9100,11.9200,11.9300,498,820,1813,588,363,923,10206,135,1869,10946
SZ,000001,2019-06-04 09:34:48,11.8800,27,739196.0000,622,S,11.8800,11.8700,11.8600,11.8500,11.8400,11.8900,11.9000,11.9100,11.9200,11.9300,166,841,1813,580,363,668,10216,135,1931,10946
SZ,000001,2019-06-04 09:34:51,11.8800,8,65364.0000,55,S,11.8800,11.8700,11.8600,11.8500,11.8400,11.8900,11.9000,11.9100,11.9200,11.9300,192,898,1813,587,363,645,10216,135,1951,10946
SZ,000001,2019-06-04 09:34:54,11.8900,11,118860.0000,100,B,11.8800,11.8700,11.8600,11.8500,11.8400,11.8900,11.9000,11.9100,11.9200,11.9300,155,905,1821,587,362,641,10219,135,1951,10946
SZ,000001,2019-06-04 09:34:57,11.8800,31,301780.0000,254,S,11.8700,11.8600,11.8500,11.8400,11.8300,11.8800,11.8900,11.9000,11.9100,11.9200,913,1842,594,362,833,184,1119,10231,125,1951
SZ,000001,2019-06-04 09:35:00,11.8800,14,396872.0000,334,B,11.8700,11.8600,11.8500,11.8400,11.8300,11.8800,11.8900,11.9000,11.9100,11.9200,949,1852,594,362,1033,58,1485,10273,125,1951
SZ,000001,2019-06-04 09:35:03,11.8800,11,68904.0000,58,B,11.8800,11.8700,11.8600,11.8500,11.8400,11.8900,11.9000,11.9100,11.9200,11.9300,1,1079,1852,594,372,1533,10273,125,1960,10946
SZ,000001,2019-06-04 09:35:06,11.8900,5,42768.0000,36,B,11.8800,11.8700,11.8600,11.8500,11.8400,11.8900,11.9000,11.9100,11.9200,11.9300,94,1027,1852,594,472,1515,10281,125,2110,10946
SZ,000001,2019-06-04 09:35:09,11.8800,9,173576.0000,146,S,11.8800,11.8700,11.8600,11.8500,11.8400,11.8900,11.9000,11.9100,11.9200,11.9300,195,1027,1852,594,472,1432,10281,125,2110,10946
SZ,000001,2019-06-04 09:35:12,11.8900,23,432712.0000,364,B,11.8800,11.8700,11.8600,11.8500,11.8400,11.8900,11.9000,11.9100,11.9200,11.9300,249,2017,1862,615,472,2753,10281,125,2080,10946
SZ,000001,2019-06-04 09:35:15,11.8900,28,431456.0000,363,B,11.8800,11.8700,11.8600,11.8500,11.8400,11.8900,11.9000,11.9100,11.9200,11.9300,174,2049,1862,629,472,2609,10251,125,2080,10946
SZ,000001,2019-06-04 09:35:18,11.8900,22,538476.0000,453,B,11.8800,11.8700,11.8600,11.8500,11.8400,11.8900,11.9000,11.9100,11.9200,11.9300,111,2243,1869,642,472,2355,10285,127,2080,10946
SZ,000001,2019-06-04 09:35:21,11.8900,31,728748.0000,613,B,11.8800,11.8700,11.8600,11.8500,11.8400,11.8900,11.9000,11.9100,11.9200,11.9300,46,2253,1869,642,477,1854,10285,127,2080,10946
SZ,000001,2019-06-04 09:35:24,11.8900,17,307936.0000,259,B,11.8800,11.8700,11.8600,11.8500,11.8400,11.8900,11.9000,11.9100,11.9200,11.9300,354,2251,1869,642,477,1706,10282,127,2080,10946
SZ,000001,2019-06-04 09:35:27,11.8900,11,141484.0000,119,B,11.8800,11.8700,11.8600,11.8500,11.8400,11.8900,11.9000,11.9100,11.9200,11.9300,566,3201,1916,642,477,1592,10282,127,2080,10946
SZ,000001,2019-06-04 09:35:30,11.8900,11,822788.0000,692,B,11.8800,11.8700,11.8600,11.8500,11.8400,11.8900,11.9000,11.9100,11.9200,11.9300,830,3201,1946,642,477,915,10282,127,2080,10963
SZ,000001,2019-06-04 09:35:33,11.8900,20,555080.0000,467,B,11.8800,11.8700,11.8600,11.8500,11.8400,11.8900,11.9000,11.9100,11.9200,11.9300,772,3221,1946,643,477,888,10279,157,2330,10963
SZ,000001,2019-06-04 09:35:36,11.8800,11,376744.0000,317,S,11.8800,11.8700,11.8600,11.8500,11.8400,11.8900,11.9000,11.9100,11.9200,11.9300,628,3221,1946,643,477,845,10278,157,2330,10963
SZ,000001,2019-06-04 09:35:39,11.8900,17,494616.0000,416,B,11.8800,11.8700,11.8600,11.8500,11.8400,11.8900,11.9000,11.9100,11.9200,11.9300,1704,3221,1947,643,507,438,10236,157,2355,10963
SZ,000001,2019-06-04 09:35:42,11.8900,35,958616.0000,806,B,11.8800,11.8700,11.8600,11.8500,11.8400,11.8900,11.9000,11.9100,11.9200,11.9300,1960,3225,1947,643,507,24,9928,557,2355,10963
SZ,000001,2019-06-04 09:35:45,11.8800,31,2901584.0000,2441,S,11.8800,11.8700,11.8600,11.8500,11.8400,11.8900,11.9000,11.9100,11.9200,11.9300,547,3225,1945,643,507,30,9073,557,2355,10975
SZ,000001,2019-06-04 09:35:48,11.8900,8,299728.0000,252,B,11.8900,11.8800,11.8700,11.8600,11.8500,11.9000,11.9100,11.9200,11.9300,11.9400,385,566,3043,1947,648,11037,557,2355,10975,723
SZ,000001,2019-06-04 09:35:51,11.8900,14,1557304.0000,1309,S,11.8900,11.8800,11.8700,11.8600,11.8500,11.9000,11.9100,11.9200,11.9300,11.9400,26,576,3043,1945,650,10513,557,2355,10975,723
SZ,000001,2019-06-04 09:35:54,11.9000,4,49960.0000,42,B,11.8900,11.8800,11.8700,11.8600,11.8500,11.9000,11.9100,11.9200,11.9300,11.9400,79,764,3043,1945,650,10485,557,2355,10975,723
SZ,000001,2019-06-04 09:35:57,11.8900,14,556400.0000,468,S,11.8900,11.8800,11.8700,11.8600,11.8500,11.9000,11.9100,11.9200,11.9300,11.9400,154,732,3043,1965,650,10485,2057,2346,10975,723
SZ,000001,2019-06-04 09:36:00,11.9000,5,449760.0000,378,B,11.8900,11.8800,11.8700,11.8600,11.8500,11.9000,11.9100,11.9200,11.9300,11.9400,195,740,3043,1970,650,10202,2057,2346,10975,723
SZ,000001,2019-06-04 09:36:03,11.9000,5,61864.0000,52,B,11.8900,11.8800,11.8700,11.8600,11.8500,11.9000,11.9100,11.9200,11.9300,11.9400,474,799,2964,2010,650,10287,2057,2346,10975,723
SZ,000001,2019-06-04 09:36:06,11.9000,9,124944.0000,105,B,11.8900,11.8800,11.8700,11.8600,11.8500,11.9000,11.9100,11.9200,11.9300,11.9400,513,667,2974,2010,608,10225,2057,2346,10975,723
SZ,000001,2019-06-04 09:36:09,11.8900,10,470008.0000,395,S,11.8900,11.8800,11.8700,11.8600,11.8500,11.9000,11.9100,11.9200,11.9300,11.9400,580,727,2974,2010,611,9871,2077,2296,10975,723
SZ,000001,2019-06-04 09:36:12,11.8900,14,277192.0000,233,S,11.8900,11.8800,11.8700,11.8600,11.8500,11.9000,11.9100,11.9200,11.9300,11.9400,656,782,3015,2010,611,9390,2077,2296,10975,723
SZ,000001,2019-06-04 09:36:15,11.8900,3,55896.0000,47,S,11.8900,11.8800,11.8700,11.8600,11.8500,11.9000,11.9100,11.9200,11.9300,11.9400,653,797,3055,2010,611,9377,2077,2296,10975,723
SZ,000001,2019-06-04 09:36:18,11.9000,6,161792.0000,136,B,11.8900,11.8800,11.8700,11.8600,11.8500,11.9000,11.9100,11.9200,11.9300,11.9400,602,828,3055,2010,626,9292,2077,1006,10975,723
SZ,000001,2019-06-04 09:36:21,11.8900,21,878672.0000,739,S,11.8800,11.8700,11.8600,11.8500,11.8400,11.8900,11.9000,11.9100,11.9200,11.9300,853,3060,2010,626,517,561,9332,2160,1006,10975
SZ,000001,2019-06-04 09:36:24,11.8900,8,148616.0000,125,B,11.8800,11.8700,11.8600,11.8500,11.8400,11.8900,11.9000,11.9100,11.9200,11.9300,866,3063,2005,646,517,636,9216,2160,1006,10995
SZ,000001,2019-06-04 09:36:27,11.8900,13,977432.0000,822,S,11.8900,11.8800,11.8700,11.8600,11.8500,11.9000,11.9100,11.9200,11.9300,11.9400,5895,902,3063,2014,671,9134,2160,981,10995,733
SZ,000001,2019-06-04 09:36:30,11.8900,5,104720.0000,88,S,11.8900,11.8800,11.8700,11.8600,11.8500,11.9000,11.9100,11.9200,11.9300,11.9400,5393,912,3063,2014,703,9101,2160,981,10995,733
SZ,000001,2019-06-04 09:36:33,11.8900,11,203424.0000,171,S,11.8900,11.8800,11.8700,11.8600,11.8500,11.9000,11.9100,11.9200,11.9300,11.9400,5437,922,3063,2018,703,8995,2160,981,11001,733
SZ,000001,2019-06-04 09:36:36,11.8900,4,147528.0000,124,S,11.8900,11.8800,11.8700,11.8600,11.8500,11.9000,11.9100,11.9200,11.9300,11.9400,5481,944,3117,2018,703,8901,2160,961,11001,733
SZ,000001,2019-06-04 09:36:39,11.9000,5,214184.0000,180,B,11.8900,11.8800,11.8700,11.8600,11.8500,11.9000,11.9100,11.9200,11.9300,11.9400,5477,1032,3122,2018,703,8820,2169,961,11001,753
SZ,000001,2019-06-04 09:36:42,11.8900,5,138024.0000,116,S,11.8900,11.8800,11.8700,11.8600,11.8500,11.9000,11.9100,11.9200,11.9300,11.9400,5495,1037,3122,2018,708,8661,2169,961,11026,753
SZ,000001,2019-06-04 09:36:45,11.9000,5,58312.0000,49,B,11.8900,11.8800,11.8700,11.8600,11.8500,11.9000,11.9100,11.9200,11.9300,11.9400,5494,1140,3112,2018,707,8613,2160,945,11027,753
SZ,000001,2019-06-04 09:36:48,11.9000,14,2613440.0000,2198,B,11.8900,11.8800,11.8700,11.8600,11.8500,11.9000,11.9100,11.9200,11.9300,11.9400,3321,1130,3112,2018,771,8755,2155,945,11027,753
SZ,000001,2019-06-04 09:36:51,11.8900,8,155848.0000,131,S,11.8900,11.8800,11.8700,11.8600,11.8500,11.9000,11.9100,11.9200,11.9300,11.9400,3404,1130,3122,2018,776,8678,2255,945,11027,753
SZ,000001,2019-06-04 09:36:54,11.8900,5,427104.0000,359,S,11.8900,11.8800,11.8700,11.8600,11.8500,11.9000,11.9100,11.9200,11.9300,11.9400,3302,1079,3122,2023,776,8492,2255,949,11027,705
SZ,000001,2019-06-04 09:36:57,11.9000,7,76144.0000,64,B,11.8900,11.8800,11.8700,11.8600,11.8500,11.9000,11.9100,11.9200,11.9300,11.9400,3290,1094,3092,2033,776,8519,2258,949,11027,705
SZ,000001,2019-06-04 09:37:00,11.8900,18,2852440.0000,2399,S,11.8900,11.8800,11.8700,11.8600,11.8500,11.9000,11.9100,11.9200,11.9300,11.9400,1033,1106,3085,2043,776,8513,2258,952,11038,705
SZ,000001,2019-06-04 09:37:03,11.9000,1,11896.0000,10,B,11.8900,11.8800,11.8700,11.8600,11.8500,11.9000,11.9100,11.9200,11.9300,11.9400,1150,1145,3085,2043,926,8533,2258,952,11048,705
SZ,000001,2019-06-04 09:37:06,11.8900,17,840648.0000,707,S,11.8900,11.8800,11.8700,11.8600,11.8500,11.9000,11.9100,11.9200,11.9300,11.9400,454,1140,3085,2043,926,8511,2258,982,11044,705
SZ,000001,2019-06-04 09:37:09,11.8900,28,716968.0000,603,S,11.8800,11.8700,11.8600,11.8500,11.8400,11.8900,11.9000,11.9100,11.9200,11.9300,1136,2985,2043,926,517,583,8725,2270,1002,11044
SZ,000001,2019-06-04 09:37:12,11.8900,9,133168.0000,112,B,11.8800,11.8700,11.8600,11.8500,11.8400,11.8900,11.9000,11.9100,11.9200,11.9300,1140,2985,2048,963,517,1625,8685,2270,1007,11044
SZ,000001,2019-06-04 09:37:15,11.8900,8,317456.0000,267,B,11.8800,11.8700,11.8600,11.8500,11.8400,11.8900,11.9000,11.9100,11.9200,11.9300,1157,2985,2048,963,517,1832,8685,2270,1052,11043
SZ,000001,2019-06-04 09:37:18,11.8900,9,124808.0000,105,B,11.8800,11.8700,11.8600,11.8500,11.8400,11.8900,11.9000,11.9100,11.9200,11.9300,1143,2995,2050,963,517,1783,8664,2240,1052,10619
SZ,000001,2019-06-04 09:37:21,11.8800,65,2654032.0000,2234,S,11.8800,11.8700,11.8600,11.8500,11.8400,11.8900,11.9000,11.9100,11.9200,11.9300,6554,2995,2050,973,517,1751,8655,2240,1044,10619
SZ,000001,2019-06-04 09:37:24,11.8900,5,110568.0000,93,B,11.8800,11.8700,11.8600,11.8500,11.8400,11.8900,11.9000,11.9100,11.9200,11.9300,6570,2985,2050,973,522,1665,8655,2240,1044,10619
SZ,000001,2019-06-04 09:37:27,11.8900,12,558728.0000,470,B,11.8800,11.8700,11.8600,11.8500,11.8400,11.8900,11.9000,11.9100,11.9200,11.9300,6498,3154,2050,973,522,1423,8659,2240,1068,10619
SZ,000001,2019-06-04 09:37:30,11.8900,13,1312648.0000,1104,B,11.8800,11.8700,11.8600,11.8500,11.8400,11.8900,11.9000,11.9100,11.9200,11.9300,6542,3124,2050,973,522,354,8927,2240,1072,10611
SZ,000001,2019-06-04 09:37:33,11.8900,18,375712.0000,316,B,11.8900,11.8800,11.8700,11.8600,11.8500,11.9000,11.9100,11.9200,11.9300,11.9400,359,6682,3101,2054,973,8927,2240,1072,10594,835
SZ,000001,2019-06-04 09:37:36,11.8800,9,937792.0000,789,S,11.8800,11.8700,11.8600,11.8500,11.8400,11.8900,11.9000,11.9100,11.9200,11.9300,6353,3101,2054,973,522,370,8912,2237,1072,10594
SZ,000001,2019-06-04 09:37:39,11.8900,5,55840.0000,47,B,11.8800,11.8700,11.8600,11.8500,11.8400,11.8900,11.9000,11.9100,11.9200,11.9300,6314,3101,2054,973,522,371,8947,2237,1072,10594
SZ,000001,2019-06-04 09:37:42,11.8900,6,104632.0000,88,B,11.8800,11.8700,11.8600,11.8500,11.8400,11.8900,11.9000,11.9100,11.9200,11.9300,6359,3101,2069,978,522,859,8947,2237,1048,10594
SZ,000001,2019-06-04 09:37:45,11.8900,15,455320.0000,383,B,11.8800,11.8700,11.8600,11.8500,11.8400,11.8900,11.9000,11.9100,11.9200,11.9300,6275,2872,2069,978,522,782,8951,2237,1048,10594
SZ,000001,2019-06-04 09:37:48,11.8900,5,121272.0000,102,B,11.8800,11.8700,11.8600,11.8500,11.8400,11.8900,11.9000,11.9100,11.9200,11.9300,6276,2872,2069,975,522,765,8939,2247,1048,10594
SZ,000001,2019-06-04 09:37:51,11.8800,3,35656.0000,30,S,11.8800,11.8700,11.8600,11.8500,11.8400,11.8900,11.9000,11.9100,11.9200,11.9300,6475,2872,2069,985,522,763,8904,2247,1058,10594
SZ,000001,2019-06-04 09:37:54,11.8900,5,241368.0000,203,B,11.8800,11.8700,11.8600,11.8500,11.8400,11.8900,11.9000,11.9100,11.9200,11.9300,6579,2872,2069,985,526,575,8890,2247,5028,10594
SZ,000001,2019-06-04 09:37:57,11.8900,2,23776.0000,20,B,11.8800,11.8700,11.8600,11.8500,11.8400,11.8900,11.9000,11.9100,11.9200,11.9300,6640,2872,2069,994,526,650,8890,2257,5028,10594
SZ,000001,2019-06-04 09:38:00,11.8900,6,57072.0000,48,B,11.8800,11.8700,11.8600,11.8500,11.8400,11.8900,11.9000,11.9100,11.9200,11.9300,6650,2870,2074,994,526,600,8890,2252,5028,10594
SZ,000001,2019-06-04 09:38:03,11.8900,7,134352.0000,113,B,11.8800,11.8700,11.8600,11.8500,11.8400,11.8900,11.9000,11.9100,11.9200,11.9300,6649,2865,2074,994,526,547,8863,2152,5016,10594
SZ,000001,2019-06-04 09:38:06,11.8900,14,225904.0000,190,B,11.8800,11.8700,11.8600,11.8500,11.8400,11.8900,11.9000,11.9100,11.9200,11.9300,6666,2853,2074,994,526,1407,8889,2152,5036,10594
SZ,000001,2019-06-04 09:38:09,11.8900,8,116520.0000,98,B,11.8800,11.8700,11.8600,11.8500,11.8400,11.8900,11.9000,11.9100,11.9200,11.9300,6692,2853,2074,977,526,1360,8867,2152,5036,10594
SZ,000001,2019-06-04 09:38:12,11.8900,6,45176.0000,38,B,11.8800,11.8700,11.8600,11.8500,11.8400,11.8900,11.9000,11.9100,11.9200,11.9300,6726,2853,2074,977,526,1326,8867,2152,5036,10594
SZ,000001,2019-06-04 09:38:15,11.8900,11,483680.0000,407,B,11.8800,11.8700,11.8600,11.8500,11.8400,11.8900,11.9000,11.9100,11.9200,11.9300,6667,2853,2069,977,526,1169,8863,2132,5036,10628
SZ,000001,2019-06-04 09:38:18,11.8800,11,84392.0000,71,S,11.8800,11.8700,11.8600,11.8500,11.8400,11.8900,11.9000,11.9100,11.9200,11.9300,6612,2853,2054,979,526,1151,8863,2132,5036,10628
SZ,000001,2019-06-04 09:38:21,11.8900,17,1261520.0000,1061,B,11.8800,11.8700,11.8600,11.8500,11.8400,11.8900,11.9000,11.9100,11.9200,11.9300,6612,2853,2054,979,526,125,8863,2108,5027,10628
SZ,000001,2019-06-04 09:38:24,11.8900,21,311520.0000,262,B,11.8900,11.8800,11.8700,11.8600,11.8500,11.9000,11.9100,11.9200,11.9300,11.9400,13,6475,2853,2054,979,8863,2108,5027,10628,1040
SZ,000001,2019-06-04 09:38:27,11.8900,9,209128.0000,176,S,11.8900,11.8800,11.8700,11.8600,11.8500,11.9000,11.9100,11.9200,11.9300,11.9400,799,6396,2855,2054,978,8949,2108,5027,10628,1040
SZ,000001,2019-06-04 09:38:30,11.9000,7,92744.0000,78,B,11.8900,11.8800,11.8700,11.8600,11.8500,11.9000,11.9100,11.9200,11.9300,11.9400,792,6403,2855,2054,978,9274,2111,5027,10628,1040
SZ,000001,2019-06-04 09:38:33,11.8900,7,225960.0000,190,S,11.8900,11.8800,11.8700,11.8600,11.8500,11.9000,11.9100,11.9200,11.9300,11.9400,660,6406,2852,2054,984,9228,2111,4982,10628,1064
SZ,000001,2019-06-04 09:38:36,11.8900,6,26176.0000,22,S,11.8900,11.8800,11.8700,11.8600,11.8500,11.9000,11.9100,11.9200,11.9300,11.9400,655,6416,2852,2024,984,9327,2111,4982,10628,1064
SZ,000001,2019-06-04 09:38:39,11.8900,1,4752.0000,4,S,11.8900,11.8800,11.8700,11.8600,11.8500,11.9000,11.9100,11.9200,11.9300,11.9400,679,6423,2852,2024,984,9427,2111,4982,10628,1064
SZ,000001,2019-06-04 09:38:42,11.8900,5,523176.0000,440,S,11.8900,11.8800,11.8700,11.8600,11.8500,11.9000,11.9100,11.9200,11.9300,11.9400,354,6428,2913,2032,984,9415,2111,4982,10628,1064
SZ,000001,2019-06-04 09:38:45,11.8900,2,7128.0000,6,S,11.8900,11.8800,11.8700,11.8600,11.8500,11.9000,11.9100,11.9200,11.9300,11.9400,349,6404,2913,2032,984,9425,2108,4832,10628,1064
SZ,000001,2019-06-04 09:38:48,11.8900,16,573192.0000,482,S,11.8900,11.8800,11.8700,11.8600,11.8500,11.9000,11.9100,11.9200,11.9300,11.9400,56,6383,2913,2035,985,9317,2108,4841,10628,1064
SZ,000001,2019-06-04 09:38:51,11.8900,8,118896.0000,100,S,11.8800,11.8700,11.8600,11.8500,11.8400,11.8900,11.9000,11.9100,11.9200,11.9300,6385,2913,2035,989,576,31,9317,2108,4848,10618
SZ,000001,2019-06-04 09:38:54,11.8900,4,20216.0000,17,B,11.8800,11.8700,11.8600,11.8500,11.8400,11.8900,11.9000,11.9100,11.9200,11.9300,6394,2913,2035,984,576,206,9165,2108,4726,10618
SZ,000001,2019-06-04 09:38:57,11.8900,2,16640.0000,14,B,11.8800,11.8700,11.8600,11.8500,11.8400,11.8900,11.9000,11.9100,11.9200,11.9300,6502,2913,2035,984,576,205,9129,2108,4776,10618
SZ,000001,2019-06-04 09:39:00,11.8900,8,326944.0000,275,B,11.8900,11.8800,11.8700,11.8600,11.8500,11.9000,11.9100,11.9200,11.9300,11.9400,1107,6469,2913,2045,984,9146,2108,4776,10618,1112
SZ,000001,2019-06-04 09:39:03,11.8900,4,283144.0000,238,S,11.8900,11.8800,11.8700,11.8600,11.8500,11.9000,11.9100,11.9200,11.9300,11.9400,1043,6480,2913,2053,984,8986,2108,4776,10618,1112
SZ,000001,2019-06-04 09:39:06,11.9000,1,14280.0000,12,B,11.8900,11.8800,11.8700,11.8600,11.8500,11.9000,11.9100,11.9200,11.9300,11.9400,1049,6489,2913,2053,987,9116,2114,4776,10682,1112
SZ,000001,2019-06-04 09:39:09,11.8900,10,626608.0000,527,S,11.8900,11.8800,11.8700,11.8600,11.8500,11.9000,11.9100,11.9200,11.9300,11.9400,530,6487,2913,2053,998,9108,2114,4776,10682,1112
SZ,000001,2019-06-04 09:39:12,11.9000,10,461520.0000,388,B,11.8900,11.8800,11.8700,11.8600,11.8500,11.9000,11.9100,11.9200,11.9300,11.9400,356,6487,2913,2053,1020,8924,2114,4776,10682,1117
SZ,000001,2019-06-04 09:39:15,11.8900,17,603968.0000,508,S,11.8800,11.8700,11.8600,11.8500,11.8400,11.8900,11.9000,11.9100,11.9200,11.9300,6463,2926,2056,1020,610,57,8998,2114,4776,10682
SZ,000001,2019-06-04 09:39:18,11.8900,4,30920.0000,26,B,11.8800,11.8700,11.8600,11.8500,11.8400,11.8900,11.9000,11.9100,11.9200,11.9300,6559,2926,2056,1020,610,1067,9008,2110,4776,10682
SZ,000001,2019-06-04 09:39:21,11.8800,14,1526688.0000,1285,S,11.8800,11.8700,11.8600,11.8500,11.8400,11.8900,11.9000,11.9100,11.9200,11.9300,5417,2926,2056,1020,610,956,8929,2110,4987,10682
SZ,000001,2019-06-04 09:39:24,11.8800,28,2923008.0000,2460,S,11.8800,11.8700,11.8600,11.8500,11.8400,11.8900,11.9000,11.9100,11.9200,11.9300,2922,2926,2056,1030,610,2199,8810,2110,4987,10682
SZ,000001,2019-06-04 09:39:27,11.8800,114,4655464.0000,3920,S,11.8700,11.8600,11.8500,11.8400,11.8300,11.8800,11.8900,11.9000,11.9100,11.9200,1952,2066,880,610,1041,687,2445,8810,2110,4987
SZ,000001,2019-06-04 09:39:30,11.8500,137,5130136.0000,4324,S,11.8500,11.8400,11.8300,11.8200,11.8100,11.8600,11.8700,11.8800,11.8900,11.9000,650,610,1041,1640,1842,1663,196,714,2982,8601
SZ,000001,2019-06-04 09:39:33,11.8500,73,735888.0000,621,S,11.8500,11.8400,11.8300,11.8200,11.8100,11.8600,11.8700,11.8800,11.8900,11.9000,10,610,1041,1640,1842,1697,211,814,2808,8398
SZ,000001,2019-06-04 09:39:36,11.8600,10,67504.0000,57,B,11.8400,11.8300,11.8200,11.8100,11.8000,11.8600,11.8700,11.8800,11.8900,11.9000,568,1041,1640,1820,2946,1742,152,814,2805,8275
SZ,000001,2019-06-04 09:39:39,11.8600,20,1001304.0000,845,B,11.8400,11.8300,11.8200,11.8100,11.8000,11.8500,11.8600,11.8700,11.8800,11.8900,260,1051,1640,1820,2889,50,1401,172,718,2805
SZ,000001,2019-06-04 09:39:42,11.8500,6,60432.0000,51,B,11.8400,11.8300,11.8200,11.8100,11.8000,11.8500,11.8600,11.8700,11.8800,11.8900,369,1051,1640,1820,2924,173,1401,172,717,2805
SZ,000001,2019-06-04 09:39:45,11.8500,8,133904.0000,113,B,11.8400,11.8300,11.8200,11.8100,11.8000,11.8500,11.8600,11.8700,11.8800,11.8900,423,1051,1611,1820,2924,66,1402,172,727,2805
SZ,000001,2019-06-04 09:39:48,11.8400,13,149288.0000,126,S,11.8400,11.8300,11.8200,11.8100,11.8000,11.8500,11.8600,11.8700,11.8800,11.8900,404,1051,1611,1820,2946,40,1402,172,703,2805
SZ,000001,2019-06-04 09:39:51,11.8400,23,746152.0000,630,S,11.8500,11.8400,11.8300,11.8200,11.8100,11.8600,11.8700,11.8800,11.8900,11.9000,4,49,1051,1611,1808,1271,170,703,2756,8261
SZ,000001,2019-06-04 09:39:54,11.8500,10,66360.0000,56,S,11.8400,11.8300,11.8200,11.8100,11.8000,11.8500,11.8600,11.8700,11.8800,11.8900,152,1051,1591,1808,2974,18,1267,170,714,2753
SZ,000001,2019-06-04 09:39:57,11.8400,15,243960.0000,206,S,11.8400,11.8300,11.8200,11.8100,11.8000,11.8600,11.8700,11.8800,11.8900,11.9000,201,1051,1591,1808,2974,1267,277,719,2753,8361
SZ,000001,2019-06-04 09:40:00,11.8400,5,146840.0000,124,S,11.8400,11.8300,11.8200,11.8100,11.8000,11.8500,11.8600,11.8700,11.8800,11.8900,910,1055,1591,1816,2981,100,1313,277,717,2753
SZ,000001,2019-06-04 09:40:03,11.8500,13,283216.0000,239,B,11.8500,11.8400,11.8300,11.8200,11.8100,11.8600,11.8700,11.8800,11.8900,11.9000,70,1262,919,1591,1823,1308,277,542,2753,8351
SZ,000001,2019-06-04 09:40:06,11.8500,14,133944.0000,113,S,11.8500,11.8400,11.8300,11.8200,11.8100,11.8600,11.8700,11.8800,11.8900,11.9000,1,1269,919,1591,1987,1268,277,453,2753,8351
SZ,000001,2019-06-04 09:40:09,11.8600,19,715776.0000,604,B,11.8400,11.8300,11.8200,11.8100,11.8000,11.8600,11.8700,11.8800,11.8900,11.9000,1026,969,1591,1988,3053,1105,277,451,2753,8361
SZ,000001,2019-06-04 09:40:12,11.8600,3,50984.0000,43,B,11.8500,11.8400,11.8300,11.8200,11.8100,11.8600,11.8700,11.8800,11.8900,11.9000,10,1057,973,1591,2013,1086,277,481,2653,8361
SZ,000001,2019-06-04 09:40:15,11.8500,22,1072968.0000,906,S,11.8400,11.8300,11.8200,11.8100,11.8000,11.8500,11.8600,11.8700,11.8800,11.8900,631,1003,1591,2035,3031,37,1020,277,480,2653
SZ,000001,2019-06-04 09:40:18,11.8600,17,316456.0000,267,B,11.8500,11.8400,11.8300,11.8200,11.8100,11.8600,11.8700,11.8800,11.8900,11.9000,78,652,1033,1591,2035,992,277,373,2653,8358
SZ,000001,2019-06-04 09:40:21,11.8600,4,62848.0000,53,B,11.8500,11.8400,11.8300,11.8200,11.8100,11.8600,11.8700,11.8800,11.8900,11.9000,68,436,1023,1591,2045,1035,282,430,2673,8357
SZ,000001,2019-06-04 09:40:24,11.8500,27,374248.0000,316,S,11.8400,11.8300,11.8200,11.8100,11.8000,11.8500,11.8600,11.8700,11.8800,11.8900,283,1027,1608,2045,4005,118,1027,282,430,2693
SZ,000001,2019-06-04 09:40:27,11.8300,35,740888.0000,626,S,11.8300,11.8200,11.8100,11.8000,11.7900,11.8500,11.8600,11.8700,11.8800,11.8900,725,1608,2049,4005,175,108,1027,262,423,2693
SZ,000001,2019-06-04 09:40:30,11.8500,9,78208.0000,66,B,11.8400,11.8300,11.8200,11.8100,11.8000,11.8500,11.8600,11.8700,11.8800,11.8900,19,748,1608,2069,4053,85,1038,262,1623,2693
SZ,000001,2019-06-04 09:40:33,11.8500,2,10664.0000,9,B,11.8400,11.8300,11.8200,11.8100,11.8000,11.8500,11.8600,11.8700,11.8800,11.8900,193,747,1609,2079,4063,79,1088,262,1623,2693
SZ,000001,2019-06-04 09:40:36,11.8400,13,207216.0000,175,S,11.8400,11.8300,11.8200,11.8100,11.8000,11.8500,11.8600,11.8700,11.8800,11.8900,1258,820,1609,2082,4064,64,1088,1162,1333,2693
SZ,000001,2019-06-04 09:40:39,11.8500,8,59240.0000,50,B,11.8400,11.8300,11.8200,11.8100,11.8000,11.8500,11.8600,11.8700,11.8800,11.8900,1260,834,1609,2082,4044,87,1088,1162,1333,2693
SZ,000001,2019-06-04 09:40:42,11.8500,12,156424.0000,132,B,11.8500,11.8400,11.8300,11.8200,11.8100,11.8600,11.8700,11.8800,11.8900,11.9000,117,1426,865,1597,2084,1085,1162,1342,2693,8438
SZ,000001,2019-06-04 09:40:45,11.8500,3,37920.0000,32,S,11.8500,11.8400,11.8300,11.8200,11.8100,11.8600,11.8700,11.8800,11.8900,11.9000,138,1431,865,1697,2094,1088,1162,1342,2693,8467
SZ,000001,2019-06-04 09:40:48,11.8500,9,139864.0000,118,S,11.8500,11.8400,11.8300,11.8200,11.8100,11.8600,11.8700,11.8800,11.8900,11.9000,195,1467,896,1697,2094,1068,1162,1342,2693,8567
SZ,000001,2019-06-04 09:40:51,11.8500,12,129168.0000,109,S,11.8500,11.8400,11.8300,11.8200,11.8100,11.8600,11.8700,11.8800,11.8900,11.9000,133,1576,896,1702,2114,1066,1162,1351,2693,8567
SZ,000001,2019-06-04 09:40:54,11.8500,18,328384.0000,277,S,11.8500,11.8400,11.8300,11.8200,11.8100,11.8600,11.8700,11.8800,11.8900,11.9000,3,1593,896,1720,2114,962,1012,1351,2693,8567
SZ,000001,2019-06-04 09:40:57,11.8500,9,77032.0000,65,S,11.8500,11.8400,11.8300,11.8200,11.8100,11.8600,11.8700,11.8800,11.8900,11.9000,77,1593,901,1740,2114,1050,1114,1351,2693,8567
SZ,000001,2019-06-04 09:41:00,11.8500,6,125608.0000,106,S,11.8400,11.8300,11.8200,11.8100,11.8000,11.8500,11.8600,11.8700,11.8800,11.8900,1615,935,1740,2114,4177,487,1052,1114,1351,2693
SZ,000001,2019-06-04 09:41:03,11.8400,7,187176.0000,158,S,11.8400,11.8300,11.8200,11.8100,11.8000,11.8500,11.8600,11.8700,11.8800,11.8900,1586,935,1740,2312,4187,544,1065,1114,1351,2693
SZ,000001,2019-06-04 09:41:06,11.8500,9,141016.0000,119,B,11.8400,11.8300,11.8200,11.8100,11.8000,11.8500,11.8600,11.8700,11.8800,11.8900,1723,935,1760,2362,4237,479,1065,1114,1451,2693
SZ,000001,2019-06-04 09:41:09,11.8500,5,36736.0000,31,B,11.8400,11.8300,11.8200,11.8100,11.8000,11.8500,11.8600,11.8700,11.8800,11.8900,1808,965,1778,2362,4237,612,1065,1114,1551,2693
SZ,000001,2019-06-04 09:41:12,11.8500,7,142152.0000,120,B,11.8400,11.8300,11.8200,11.8100,11.8000,11.8500,11.8600,11.8700,11.8800,11.8900,1777,957,1778,2392,4242,580,970,1107,1551,1840
SZ,000001,2019-06-04 09:41:15,11.8500,8,183656.0000,155,B,11.8400,11.8300,11.8200,11.8100,11.8000,11.8500,11.8600,11.8700,11.8800,11.8900,1981,961,1778,2397,4256,787,970,1107,1551,1840
SZ,000001,2019-06-04 09:41:18,11.8400,11,229720.0000,194,S,11.8400,11.8300,11.8200,11.8100,11.8000,11.8500,11.8600,11.8700,11.8800,11.8900,1841,966,1778,2397,4276,807,1966,1112,1551,1844
SZ,000001,2019-06-04 09:41:21,11.8500,4,139832.0000,118,B,11.8400,11.8300,11.8200,11.8100,11.8000,11.8500,11.8600,11.8700,11.8800,11.8900,1841,966,1780,2397,4303,692,1966,1112,1551,1884
SZ,000001,2019-06-04 09:41:24,11.8500,3,20144.0000,17,B,11.8400,11.8300,11.8200,11.8100,11.8000,11.8500,11.8600,11.8700,11.8800,11.8900,1854,1224,1780,2397,4295,717,1924,1112,1554,1884
SZ,000001,2019-06-04 09:41:27,11.8500,6,58048.0000,49,B,11.8400,11.8300,11.8200,11.8100,11.8000,11.8500,11.8600,11.8700,11.8800,11.8900,1834,1245,1788,2397,4295,690,1915,1112,1554,1884
SZ,000001,2019-06-04 09:41:30,11.8400,9,476016.0000,402,S,11.8400,11.8300,11.8200,11.8100,11.8000,11.8500,11.8600,11.8700,11.8800,11.8900,1509,1250,1788,2406,4322,672,1915,1112,1554,1884
SZ,000001,2019-06-04 09:41:33,11.8400,3,8296.0000,7,S,11.8400,11.8300,11.8200,11.8100,11.8000,11.8500,11.8600,11.8700,11.8800,11.8900,1577,1261,1818,2416,4329,667,1880,1112,1549,1849
SZ,000001,2019-06-04 09:41:36,11.8500,11,549800.0000,464,B,11.8400,11.8300,11.8200,11.8100,11.8000,11.8500,11.8600,11.8700,11.8800,11.8900,1552,1247,1818,2446,4332,368,1880,1112,1549,1849
SZ,000001,2019-06-04 09:41:39,11.8400,6,431000.0000,364,S,11.8400,11.8300,11.8200,11.8100,11.8000,11.8500,11.8600,11.8700,11.8800,11.8900,1813,1257,1819,2445,4342,346,1880,1112,1549,1849
SZ,000001,2019-06-04 09:41:42,11.8500,6,177632.0000,150,B,11.8400,11.8300,11.8200,11.8100,11.8000,11.8500,11.8600,11.8700,11.8800,11.8900,1748,1270,1819,2445,4343,346,1880,1112,1549,1849
SZ,000001,2019-06-04 09:41:45,11.8500,5,37912.0000,32,B,11.8400,11.8300,11.8200,11.8100,11.8000,11.8500,11.8600,11.8700,11.8800,11.8900,1777,1290,1819,2455,4343,363,1880,1112,1549,1849
SZ,000001,2019-06-04 09:41:48,11.8400,40,845600.0000,714,S,11.8400,11.8300,11.8200,11.8100,11.8000,11.8500,11.8600,11.8700,11.8800,11.8900,1367,1361,1826,2499,4410,216,1873,1112,1549,1849
SZ,000001,2019-06-04 09:41:51,11.8400,14,272488.0000,230,S,11.8400,11.8300,11.8200,11.8100,11.8000,11.8500,11.8600,11.8700,11.8800,11.8900,1597,1361,1826,2502,4415,44,2023,1112,1549,1849
SZ,000001,2019-06-04 09:41:54,11.8500,6,72288.0000,61,B,11.8400,11.8300,11.8200,11.8100,11.8000,11.8500,11.8600,11.8700,11.8800,11.8900,1703,1361,1826,2502,4425,105,2023,1112,1549,1849
SZ,000001,2019-06-04 09:41:57,11.8400,4,37896.0000,32,S,11.8400,11.8300,11.8200,11.8100,11.8000,11.8500,11.8600,11.8700,11.8800,11.8900,1664,1361,1836,2512,4475,112,2023,1112,1549,1849
SZ,000001,2019-06-04 09:42:00,11.8500,9,118448.0000,100,B,11.8400,11.8300,11.8200,11.8100,11.8000,11.8500,11.8600,11.8700,11.8800,11.8900,1630,1361,1904,2512,4475,67,2023,1112,1549,1849
SZ,000001,2019-06-04 09:42:03,11.8400,2,13024.0000,11,S,11.8400,11.8300,11.8200,11.8100,11.8000,11.8500,11.8600,11.8700,11.8800,11.8900,1625,1366,1904,2502,4565,84,2053,1112,1549,1849
SZ,000001,2019-06-04 09:42:06,11.8500,4,43848.0000,37,B,11.8400,11.8300,11.8200,11.8100,11.8000,11.8500,11.8600,11.8700,11.8800,11.8900,1666,1386,1904,2507,4565,97,2053,1112,1549,1849
SZ,000001,2019-06-04 09:42:09,11.8500,12,50936.0000,43,B,11.8400,11.8300,11.8200,11.8100,11.8000,11.8500,11.8600,11.8700,11.8800,11.8900,1646,1387,1904,2507,4565,224,2053,1112,1549,1849
SZ,000001,2019-06-04 09:42:12,11.8500,18,208480.0000,176,B,11.8400,11.8300,11.8200,11.8100,11.8000,11.8500,11.8600,11.8700,11.8800,11.8900,1572,1388,1907,2507,4587,123,2053,1112,1549,1849
SZ,000001,2019-06-04 09:42:15,11.8500,2,58032.0000,49,B,11.8400,11.8300,11.8200,11.8100,11.8000,11.8500,11.8600,11.8700,11.8800,11.8900,1629,1401,1917,2507,4589,479,2053,1112,1540,1849
SZ,000001,2019-06-04 09:42:18,11.8500,8,109024.0000,92,B,11.8400,11.8300,11.8200,11.8100,11.8000,11.8500,11.8600,11.8700,11.8800,11.8900,1644,1401,1924,2571,4578,728,2053,1112,1540,1849
SZ,000001,2019-06-04 09:42:21,11.8500,6,66344.0000,56,B,11.8400,11.8300,11.8200,11.8100,11.8000,11.8500,11.8600,11.8700,11.8800,11.8900,1656,1421,1924,2571,4579,689,2053,1112,1540,1849
SZ,000001,2019-06-04 09:42:24,11.8500,3,40280.0000,34,B,11.8400,11.8300,11.8200,11.8100,11.8000,11.8500,11.8600,11.8700,11.8800,11.8900,1651,1431,1924,2571,4579,903,2063,1112,1540,1849
SZ,000001,2019-06-04 09:42:27,11.8500,3,161032.0000,136,B,11.8400,11.8300,11.8200,11.8100,11.8000,11.8500,11.8600,11.8700,11.8800,11.8900,1525,1432,1924,2571,4604,1036,2063,1112,1540,1849
SZ,000001,2019-06-04 09:42:30,11.8500,8,85272.0000,72,B,11.8400,11.8300,11.8200,11.8100,11.8000,11.8500,11.8600,11.8700,11.8800,11.8900,1480,1442,1924,2571,4637,1067,2063,1112,1540,1849
SZ,000001,2019-06-04 09:42:33,11.8400,12,120784.0000,102,S,11.8400,11.8300,11.8200,11.8100,11.8000,11.8500,11.8600,11.8700,11.8800,11.8900,1395,1437,1924,2578,4637,1047,2063,1112,1510,1849
SZ,000001,2019-06-04 09:42:36,11.8500,14,668976.0000,565,B,11.8400,11.8300,11.8200,11.8100,11.8000,11.8500,11.8600,11.8700,11.8800,11.8900,842,1435,1924,2598,4657,1405,2043,1112,1510,1849
SZ,000001,2019-06-04 09:42:39,11.8400,1,1184.0000,1,S,11.8400,11.8300,11.8200,11.8100,11.8000,11.8500,11.8600,11.8700,11.8800,11.8900,865,1435,1928,2598,4657,1410,2043,1117,1510,1849
SZ,000001,2019-06-04 09:42:42,11.8400,51,1133168.0000,957,S,11.8300,11.8200,11.8100,11.8000,11.7900,11.8400,11.8500,11.8600,11.8700,11.8800,1436,1933,2598,4657,220,206,1330,2043,1117,1510
SZ,000001,2019-06-04 09:42:45,11.8400,3,24864.0000,21,B,11.8300,11.8200,11.8100,11.8000,11.7900,11.8400,11.8500,11.8600,11.8700,11.8800,1478,1933,2598,4647,220,529,1331,2043,1112,1510
SZ,000001,2019-06-04 09:42:48,11.8400,13,244936.0000,207,B,11.8300,11.8200,11.8100,11.8000,11.7900,11.8400,11.8500,11.8600,11.8700,11.8800,1446,1933,2630,4647,220,597,1831,2013,1107,1510
SZ,000001,2019-06-04 09:42:51,11.8400,8,153920.0000,130,B,11.8300,11.8200,11.8100,11.8000,11.7900,11.8400,11.8500,11.8600,11.8700,11.8800,1677,1966,2637,4652,220,492,1831,2011,1107,1510
SZ,000001,2019-06-04 09:42:54,11.8400,9,453416.0000,383,B,11.8300,11.8200,11.8100,11.8000,11.7900,11.8400,11.8500,11.8600,11.8700,11.8800,1808,1974,2637,4692,220,204,1897,2011,1107,1510
SZ,000001,2019-06-04 09:42:57,11.8400,10,92352.0000,78,B,11.8300,11.8200,11.8100,11.8000,11.7900,11.8400,11.8500,11.8600,11.8700,11.8800,1843,1974,2637,4698,270,138,1896,2016,1107,1510
SZ,000001,2019-06-04 09:43:00,11.8400,2,50872.0000,43,B,11.8300,11.8200,11.8100,11.8000,11.7900,11.8400,11.8500,11.8600,11.8700,11.8800,1899,1976,2637,4698,270,250,1896,2016,1007,1510
SZ,000001,2019-06-04 09:43:03,11.8300,15,240272.0000,203,S,11.8300,11.8200,11.8100,11.8000,11.7900,11.8400,11.8500,11.8600,11.8700,11.8800,1841,2076,2637,4698,270,126,1896,2002,1007,1510
SZ,000001,2019-06-04 09:43:06,11.8400,12,217768.0000,184,B,11.8300,11.8200,11.8100,11.8000,11.7900,11.8400,11.8500,11.8600,11.8700,11.8800,1873,2076,2637,4678,270,31,1896,2002,1007,1510
SZ,000001,2019-06-04 09:43:09,11.8400,8,52088.0000,44,B,11.8300,11.8200,11.8100,11.8000,11.7900,11.8400,11.8500,11.8600,11.8700,11.8800,1828,2076,2637,4697,290,1,2995,2002,1007,1510
SZ,000001,2019-06-04 09:43:12,11.8300,13,267376.0000,226,S,11.8300,11.8200,11.8100,11.8000,11.7900,11.8400,11.8500,11.8600,11.8700,11.8800,1636,2126,2639,4698,290,988,2995,2002,1007,1510
SZ,000001,2019-06-04 09:43:15,11.8400,3,33144.0000,28,B,11.8300,11.8200,11.8100,11.8000,11.7900,11.8400,11.8500,11.8600,11.8700,11.8800,1670,2153,2639,4721,290,1097,2995,2002,1007,1510
SZ,000001,2019-06-04 09:43:18,11.8300,21,343160.0000,290,S,11.8300,11.8200,11.8100,11.8000,11.7900,11.8400,11.8500,11.8600,11.8700,11.8800,1542,2143,2639,4735,321,1110,3395,2002,1007,1510
SZ,000001,2019-06-04 09:43:21,11.8400,2,60384.0000,51,B,11.8300,11.8200,11.8100,11.8000,11.7900,11.8400,11.8500,11.8600,11.8700,11.8800,1682,2143,2639,4735,321,1061,3394,2112,1007,1510
SZ,000001,2019-06-04 09:43:24,11.8300,24,188152.0000,159,S,11.8300,11.8200,11.8100,11.8000,11.7900,11.8400,11.8500,11.8600,11.8700,11.8800,1605,2153,2733,4735,321,1008,3311,2112,1007,1510
SZ,000001,2019-06-04 09:43:27,11.8300,6,76928.0000,65,S,11.8300,11.8200,11.8100,11.8000,11.7900,11.8400,11.8500,11.8600,11.8700,11.8800,1583,2153,2733,4752,321,1028,3261,2112,1007,1510
SZ,000001,2019-06-04 09:43:30,11.8300,4,50880.0000,43,S,11.8300,11.8200,11.8100,11.8000,11.7900,11.8400,11.8500,11.8600,11.8700,11.8800,1554,2153,2748,4715,321,1015,2063,2112,1007,1510
SZ,000001,2019-06-04 09:43:33,11.8300,42,1023288.0000,865,S,11.8300,11.8200,11.8100,11.8000,11.7900,11.8400,11.8500,11.8600,11.8700,11.8800,775,2153,2753,4700,367,1015,2063,2112,1007,1510
SZ,000001,2019-06-04 09:43:36,11.8300,27,525264.0000,444,S,11.8300,11.8200,11.8100,11.8000,11.7900,11.8400,11.8500,11.8600,11.8700,11.8800,393,2158,2746,4714,367,2367,2063,2112,1007,1516
SZ,000001,2019-06-04 09:43:39,11.8300,24,482656.0000,408,S,11.8200,11.8100,11.8000,11.7900,11.7800,11.8300,11.8400,11.8500,11.8600,11.8700,2158,2750,4706,367,1519,640,2636,1997,2112,1007
SZ,000001,2019-06-04 09:43:42,11.8300,5,20112.0000,17,B,11.8200,11.8100,11.8000,11.7900,11.7800,11.8300,11.8400,11.8500,11.8600,11.8700,2321,2750,4706,368,1519,1537,2636,1997,1985,1005
SZ,000001,2019-06-04 09:43:45,11.8200,13,260064.0000,220,S,11.8200,11.8100,11.8000,11.7900,11.7800,11.8300,11.8400,11.8500,11.8600,11.8700,2134,2765,4706,368,1524,1558,2656,1997,1985,1005
SZ,000001,2019-06-04 09:43:48,11.8300,6,95808.0000,81,B,11.8200,11.8100,11.8000,11.7900,11.7800,11.8300,11.8400,11.8500,11.8600,11.8700,2219,2765,4766,368,1534,1446,2554,1997,1985,1005
SZ,000001,2019-06-04 09:43:51,11.8300,3,27216.0000,23,B,11.8200,11.8100,11.8000,11.7900,11.7800,11.8300,11.8400,11.8500,11.8600,11.8700,2339,2765,4780,368,1534,1519,2556,1997,1857,1005
SZ,000001,2019-06-04 09:43:54,11.8200,36,608000.0000,514,S,11.8200,11.8100,11.8000,11.7900,11.7800,11.8300,11.8400,11.8500,11.8600,11.8700,1912,2755,4786,368,1534,1343,2516,1997,1857,1005
SZ,000001,2019-06-04 09:43:57,11.8200,106,2310384.0000,1955,S,11.8100,11.8000,11.7900,11.7800,11.7700,11.8200,11.8300,11.8400,11.8500,11.8600,2755,4776,383,1539,951,3476,1348,2516,1997,1857
SZ,000001,2019-06-04 09:44:00,11.8100,5,99232.0000,84,S,11.8100,11.8000,11.7900,11.7800,11.7700,11.8200,11.8300,11.8400,11.8500,11.8600,2699,4766,383,1534,951,3973,1378,2516,1819,1857
SZ,000001,2019-06-04 09:44:03,11.8100,113,2623072.0000,2221,S,11.8100,11.8000,11.7900,11.7800,11.7700,11.8200,11.8300,11.8400,11.8500,11.8600,545,4782,393,1534,951,3962,1225,2516,1819,1857
SZ,000001,2019-06-04 09:44:06,11.8000,343,6357248.0000,5387,S,11.7900,11.7800,11.7700,11.7600,11.7500,11.8000,11.8200,11.8300,11.8400,11.8500,403,1536,951,658,1022,162,3822,1186,1315,1902
SZ,000001,2019-06-04 09:44:09,11.8000,9,232464.0000,197,B,11.7900,11.7800,11.7700,11.7600,11.7500,11.8000,11.8100,11.8200,11.8300,11.8400,451,1540,951,658,1022,70,372,3745,1176,1161
SZ,000001,2019-06-04 09:44:12,11.8000,20,320864.0000,272,B,11.7900,11.7800,11.7700,11.7600,11.7500,11.8000,11.8100,11.8200,11.8300,11.8400,354,1550,951,658,1032,318,547,3736,1176,1161
SZ,000001,2019-06-04 09:44:15,11.8000,22,350256.0000,297,B,11.7900,11.7800,11.7700,11.7600,11.7500,11.8000,11.8100,11.8200,11.8300,11.8400,313,1516,951,708,1047,363,629,3736,1179,1161
SZ,000001,2019-06-04 09:44:18,11.7900,18,303040.0000,257,S,11.7900,11.7800,11.7700,11.7600,11.7500,11.8000,11.8100,11.8200,11.8300,11.8400,618,1491,951,709,1038,354,1829,2792,1230,1180
SZ,000001,2019-06-04 09:44:21,11.7900,8,140320.0000,119,S,11.7900,11.7800,11.7700,11.7600,11.7500,11.8000,11.8100,11.8200,11.8300,11.8400,511,1496,951,709,1038,385,1839,2492,1230,1179
SZ,000001,2019-06-04 09:44:24,11.7900,15,239360.0000,203,S,11.7900,11.7800,11.7700,11.7600,11.7500,11.8000,11.8100,11.8200,11.8300,11.8400,455,1496,951,709,1038,361,1975,2492,1210,461
SZ,000001,2019-06-04 09:44:27,11.8000,17,420912.0000,357,B,11.7900,11.7800,11.7700,11.7600,11.7500,11.8000,11.8100,11.8200,11.8300,11.8400,344,1952,951,716,1038,269,1935,2805,1210,461
SZ,000001,2019-06-04 09:44:30,11.7900,17,418624.0000,355,S,11.7900,11.7800,11.7700,11.7600,11.7500,11.8000,11.8100,11.8200,11.8300,11.8400,182,1952,951,776,1039,198,1935,2805,1070,461
SZ,000001,2019-06-04 09:44:33,11.8000,20,323120.0000,274,B,11.7900,11.7800,11.7700,11.7600,11.7500,11.8000,11.8100,11.8200,11.8300,11.8400,302,1952,971,776,1056,229,1935,2808,1079,461
SZ,000001,2019-06-04 09:44:36,11.7900,20,391440.0000,332,S,11.7900,11.7800,11.7700,11.7600,11.7500,11.8000,11.8100,11.8200,11.8300,11.8400,104,1952,1021,804,1060,220,1935,2787,1078,349
SZ,000001,2019-06-04 09:44:39,11.7900,16,146224.0000,124,S,11.7900,11.7800,11.7700,11.7600,11.7500,11.8000,11.8100,11.8200,11.8300,11.8400,95,1952,1021,815,1071,396,1935,2787,1078,349
SZ,000001,2019-06-04 09:44:42,11.8000,24,366704.0000,311,B,11.7900,11.7800,11.7700,11.7600,11.7500,11.8000,11.8100,11.8200,11.8300,11.8400,17,1941,1021,824,1081,1978,1935,2787,1078,349
SZ,000001,2019-06-04 09:44:45,11.7900,18,155648.0000,132,S,11.7800,11.7700,11.7600,11.7500,11.7400,11.7900,11.8000,11.8100,11.8200,11.8300,1941,1121,825,1110,103,81,2003,1925,2787,1058
SZ,000001,2019-06-04 09:44:48,11.7900,53,1274672.0000,1082,B,11.7800,11.7700,11.7600,11.7500,11.7400,11.7900,11.8000,11.8100,11.8200,11.8300,953,1121,835,1120,103,26,2049,1925,2787,1058
SZ,000001,2019-06-04 09:44:51,11.7900,15,199248.0000,169,B,11.7800,11.7700,11.7600,11.7500,11.7400,11.7900,11.8000,11.8100,11.8200,11.8300,933,1121,865,1120,106,38,2365,1904,2527,1058
SZ,000001,2019-06-04 09:44:54,11.7900,13,202752.0000,172,B,11.7800,11.7700,11.7600,11.7500,11.7400,11.7900,11.8000,11.8100,11.8200,11.8300,968,1121,873,1093,106,266,2471,1904,2527,1058
SZ,000001,2019-06-04 09:44:57,11.8000,19,457440.0000,388,B,11.7800,11.7700,11.7600,11.7500,11.7400,11.7900,11.8000,11.8100,11.8200,11.8300,1182,1121,873,1147,106,3,2453,1904,2527,1058
SZ,000001,2019-06-04 09:45:00,11.8000,9,37712.0000,32,B,11.7900,11.7800,11.7700,11.7600,11.7500,11.8000,11.8100,11.8200,11.8300,11.8400,2,1593,1133,945,1147,2516,1904,2525,1058,249
SZ,000001,2019-06-04 09:45:03,11.7900,20,401856.0000,341,S,11.7800,11.7700,11.7600,11.7500,11.7400,11.7900,11.8000,11.8100,11.8200,11.8300,1432,1128,1045,1166,107,30,3114,1904,2524,934
SZ,000001,2019-06-04 09:45:06,11.7900,12,134352.0000,114,B,11.7800,11.7700,11.7600,11.7500,11.7400,11.7900,11.8000,11.8100,11.8200,11.8300,1496,1148,1045,1284,107,142,3119,1862,2524,934
SZ,000001,2019-06-04 09:45:09,11.7900,20,556144.0000,472,B,11.7800,11.7700,11.7600,11.7500,11.7400,11.7900,11.8000,11.8100,11.8200,11.8300,2172,1238,1045,1304,107,223,3191,1862,2624,934
SZ,000001,2019-06-04 09:45:12,11.7800,14,75456.0000,64,S,11.7800,11.7700,11.7600,11.7500,11.7400,11.7900,11.8000,11.8100,11.8200,11.8300,2489,1258,1077,1314,107,180,3191,1748,2624,934
SZ,000001,2019-06-04 09:45:15,11.7900,31,694144.0000,589,B,11.7900,11.7800,11.7700,11.7600,11.7500,11.8000,11.8100,11.8200,11.8300,11.8400,83,2271,1308,1077,1317,3199,1748,2586,902,251
SZ,000001,2019-06-04 09:45:18,11.7900,7,86064.0000,73,S,11.7900,11.7800,11.7700,11.7600,11.7500,11.8000,11.8100,11.8200,11.8300,11.8400,165,2183,1308,1092,1309,3239,1573,2581,924,251
SZ,000001,2019-06-04 09:45:21,11.7900,26,351280.0000,298,S,11.7900,11.7800,11.7700,11.7600,11.7500,11.8000,11.8100,11.8200,11.8300,11.8400,23,2188,1308,1092,1324,3359,1573,2538,843,251
SZ,000001,2019-06-04 09:45:24,11.7900,18,319504.0000,271,S,11.7900,11.7800,11.7700,11.7600,11.7500,11.8000,11.8100,11.8200,11.8300,11.8400,162,2219,1309,1097,1334,3462,1573,2528,843,95
SZ,000001,2019-06-04 09:45:27,11.8000,15,503440.0000,427,B,11.7900,11.7800,11.7700,11.7600,11.7500,11.8000,11.8100,11.8200,11.8300,11.8400,1821,2239,1309,1097,1314,3495,1605,2575,843,95
SZ,000001,2019-06-04 09:45:30,11.7900,5,431520.0000,366,S,11.7900,11.7800,11.7700,11.7600,11.7500,11.8000,11.8100,11.8200,11.8300,11.8400,1654,2250,1309,1097,1315,3510,1605,2575,831,75
SZ,000001,2019-06-04 09:45:33,11.7900,10,398496.0000,338,S,11.7900,11.7800,11.7700,11.7600,11.7500,11.8000,11.8100,11.8200,11.8300,11.8400,1558,2384,1309,1102,1315,3656,1555,2573,831,75
SZ,000001,2019-06-04 09:45:36,11.7900,16,311392.0000,264,S,11.7900,11.7800,11.7700,11.7600,11.7500,11.8000,11.8100,11.8200,11.8300,11.8400,1558,2410,1309,1085,1285,3585,1555,2573,831,75
SZ,000001,2019-06-04 09:45:39,11.7900,15,1134224.0000,962,S,11.7900,11.7800,11.7700,11.7600,11.7500,11.8000,11.8100,11.8200,11.8300,11.8400,1095,2423,1314,988,1300,3572,1555,2573,816,75
SZ,000001,2019-06-04 09:45:42,11.7900,22,424480.0000,360,S,11.7900,11.7800,11.7700,11.7600,11.7500,11.8000,11.8100,11.8200,11.8300,11.8400,848,2423,1310,1039,1300,3526,1555,2573,816,75
SZ,000001,2019-06-04 09:45:45,11.7900,25,413904.0000,351,S,11.7900,11.7800,11.7700,11.7600,11.7500,11.8000,11.8100,11.8200,11.8300,11.8400,989,2446,1310,1039,1363,3455,1555,2573,816,75
SZ,000001,2019-06-04 09:45:48,11.7900,7,60144.0000,51,S,11.7900,11.7800,11.7700,11.7600,11.7500,11.8000,11.8100,11.8200,11.8300,11.8400,992,2463,1310,1039,1363,3625,1555,2343,816,75
SZ,000001,2019-06-04 09:45:51,11.7900,21,681456.0000,578,S,11.7900,11.7800,11.7700,11.7600,11.7500,11.8000,11.8100,11.8200,11.8300,11.8400,1269,2467,1301,1042,1381,3630,1555,2343,816,75
SZ,000001,2019-06-04 09:45:54,11.7900,24,1671760.0000,1418,S,11.7800,11.7700,11.7600,11.7500,11.7400,11.7900,11.8000,11.8100,11.8200,11.8300,2416,1314,1094,1411,169,247,3556,1555,2343,816
SZ,000001,2019-06-04 09:45:57,11.7900,9,64848.0000,55,B,11.7800,11.7700,11.7600,11.7500,11.7400,11.7900,11.8000,11.8100,11.8200,11.8300,2535,1324,1094,1397,169,232,3768,1555,2209,816
SZ,000001,2019-06-04 09:46:00,11.7800,15,386512.0000,328,S,11.7800,11.7700,11.7600,11.7500,11.7400,11.7900,11.8000,11.8100,11.8200,11.8300,2433,1324,1094,1402,170,581,3267,1555,2209,821
SZ,000001,2019-06-04 09:46:03,11.7900,6,95488.0000,81,B,11.7800,11.7700,11.7600,11.7500,11.7400,11.7900,11.8000,11.8100,11.8200,11.8300,2533,1324,1090,1407,170,1071,3437,1555,2209,811
SZ,000001,2019-06-04 09:46:06,11.7900,12,246240.0000,209,B,11.7800,11.7700,11.7600,11.7500,11.7400,11.7900,11.8000,11.8100,11.8200,11.8300,2407,1328,1099,1425,170,1052,5365,1555,2209,802
SZ,000001,2019-06-04 09:46:09,11.7900,11,256848.0000,218,B,11.7800,11.7700,11.7600,11.7500,11.7400,11.7900,11.8000,11.8100,11.8200,11.8300,2289,1328,1100,1325,170,1262,5715,1555,2209,802
SZ,000001,2019-06-04 09:46:12,11.7900,19,537312.0000,456,B,11.7800,11.7700,11.7600,11.7500,11.7400,11.7900,11.8000,11.8100,11.8200,11.8300,1988,1333,1100,1325,183,2043,5715,1555,2209,802
SZ,000001,2019-06-04 09:46:15,11.7800,74,2817792.0000,2392,S,11.7700,11.7600,11.7500,11.7400,11.7300,11.7800,11.7900,11.8000,11.8100,11.8200,1333,1084,1342,191,271,142,2368,4189,1555,2209
SZ,000001,2019-06-04 09:46:18,11.7800,10,135424.0000,115,B,11.7700,11.7600,11.7500,11.7400,11.7300,11.7800,11.7900,11.8000,11.8100,11.8200,1298,1084,1347,201,271,105,2512,4174,1523,2209
SZ,000001,2019-06-04 09:46:21,11.7800,3,60080.0000,51,B,11.7700,11.7600,11.7500,11.7400,11.7300,11.7800,11.7900,11.8000,11.8100,11.8200,1472,1084,1367,216,271,78,2523,4165,1773,2209
SZ,000001,2019-06-04 09:46:24,11.7800,20,233168.0000,198,B,11.7700,11.7600,11.7500,11.7400,11.7300,11.7800,11.7900,11.8000,11.8100,11.8200,1526,1090,1457,218,271,256,2523,4165,1773,2209
SZ,000001,2019-06-04 09:46:27,11.7800,64,1864816.0000,1584,B,11.7700,11.7600,11.7500,11.7400,11.7300,11.7800,11.7900,11.8000,11.8100,11.8200,9,1110,1458,213,271,488,2523,4166,1773,2459
SZ,000001,2019-06-04 09:46:30,11.7800,12,107936.0000,92,B,11.7700,11.7600,11.7500,11.7400,11.7300,11.7800,11.7900,11.8000,11.8100,11.8200,3,1060,1460,213,276,695,2523,3862,1773,2459
SZ,000001,2019-06-04 09:46:33,11.7800,17,227248.0000,193,B,11.7700,11.7600,11.7500,11.7400,11.7300,11.7800,11.7900,11.8000,11.8100,11.8200,125,1070,1510,755,276,707,2541,4262,1773,2459
SZ,000001,2019-06-04 09:46:36,11.7800,10,180192.0000,153,B,11.7700,11.7600,11.7500,11.7400,11.7300,11.7800,11.7900,11.8000,11.8100,11.8200,644,1075,1516,755,276,821,2475,4262,1773,2459
SZ,000001,2019-06-04 09:46:39,11.7700,19,335488.0000,285,S,11.7700,11.7600,11.7500,11.7400,11.7300,11.7800,11.7900,11.8000,11.8100,11.8200,590,1085,1516,755,299,1173,2217,4263,1773,2459
SZ,000001,2019-06-04 09:46:42,11.7700,7,135408.0000,115,S,11.7700,11.7600,11.7500,11.7400,11.7300,11.7800,11.7900,11.8000,11.8100,11.8200,622,1043,1536,756,304,1473,2214,4263,1773,2459
SZ,000001,2019-06-04 09:46:45,11.7700,21,555584.0000,472,S,11.7700,11.7600,11.7500,11.7400,11.7300,11.7800,11.7900,11.8000,11.8100,11.8200,341,1092,1559,1756,354,1532,2029,4260,1773,2459
SZ,000001,2019-06-04 09:46:48,11.7700,28,357824.0000,304,S,11.7700,11.7600,11.7500,11.7400,11.7300,11.7800,11.7900,11.8000,11.8100,11.8200,95,1132,1576,1756,854,1642,2027,4284,1773,2459
SZ,000001,2019-06-04 09:46:51,11.7700,8,147184.0000,125,S,11.7700,11.7600,11.7500,11.7400,11.7300,11.7800,11.7900,11.8000,11.8100,11.8200,97,1152,1770,1776,854,1585,2027,4284,1773,2378
SZ,000001,2019-06-04 09:46:54,11.7700,32,535408.0000,455,S,11.7600,11.7500,11.7400,11.7300,11.7200,11.7700,11.7800,11.7900,11.8000,11.8100,1030,1780,1776,880,1109,38,1589,2027,4284,1773
SZ,000001,2019-06-04 09:46:57,11.7800,15,370816.0000,315,B,11.7700,11.7600,11.7500,11.7400,11.7300,11.7800,11.7900,11.8000,11.8100,11.8200,16,1065,1782,1776,985,1574,1933,3702,1773,2383
SZ,000001,2019-06-04 09:47:00,11.7700,19,307280.0000,261,S,11.7700,11.7600,11.7500,11.7400,11.7300,11.7800,11.7900,11.8000,11.8100,11.8200,27,1290,1779,1776,985,1494,1913,3721,1773,2383
SZ,000001,2019-06-04 09:47:03,11.7700,26,329520.0000,280,S,11.7600,11.7500,11.7400,11.7300,11.7200,11.7700,11.7800,11.7900,11.8000,11.8100,1238,1770,1776,994,1112,11,1474,1913,3721,1773
SZ,000001,2019-06-04 09:47:06,11.7700,40,625840.0000,532,B,11.7600,11.7500,11.7400,11.7300,11.7200,11.7700,11.7800,11.7900,11.8000,11.8100,968,1782,1786,1004,1112,130,1458,1929,3721,1773
SZ,000001,2019-06-04 09:47:09,11.7700,75,1270192.0000,1080,B,11.7600,11.7500,11.7400,11.7300,11.7200,11.7700,11.7800,11.7900,11.8000,11.8100,92,1782,1786,1017,1112,365,1429,1838,3721,1773
SZ,000001,2019-06-04 09:47:12,11.7600,21,231760.0000,197,S,11.7600,11.7500,11.7400,11.7300,11.7200,11.7700,11.7800,11.7900,11.8000,11.8100,150,1890,1786,1021,1113,684,1423,1838,3721,1773
SZ,000001,2019-06-04 09:47:15,11.7600,26,359936.0000,306,S,11.7500,11.7400,11.7300,11.7200,11.7100,11.7600,11.7700,11.7800,11.7900,11.8000,1892,1786,1031,1113,2059,104,860,1596,1731,3711
SZ,000001,2019-06-04 09:47:18,11.7600,24,413920.0000,352,B,11.7500,11.7400,11.7300,11.7200,11.7100,11.7600,11.7700,11.7800,11.7900,11.8000,1941,1786,1031,1123,2076,28,855,1311,1601,3722
SZ,000001,2019-06-04 09:47:21,11.7500,153,2990880.0000,2545,S,11.7500,11.7400,11.7300,11.7200,11.7100,11.7700,11.7800,11.7900,11.8000,11.8100,104,1786,1031,1109,2076,862,911,1587,3832,1753
SZ,000001,2019-06-04 09:47:24,11.7500,22,316160.0000,269,S,11.7400,11.7300,11.7200,11.7100,11.7000,11.7500,11.7600,11.7700,11.7800,11.7900,1786,1029,1119,2116,4522,80,415,871,911,1491
SZ,000001,2019-06-04 09:47:27,11.7500,25,462896.0000,394,B,11.7400,11.7300,11.7200,11.7100,11.7000,11.7500,11.7600,11.7700,11.7800,11.7900,1759,1061,1129,2115,4512,259,402,727,911,1491
SZ,000001,2019-06-04 09:47:30,11.7600,17,391280.0000,333,B,11.7400,11.7300,11.7200,11.7100,11.7000,11.7500,11.7600,11.7700,11.7800,11.7900,1782,1061,1159,2180,4549,1,396,727,808,1491
SZ,000001,2019-06-04 09:47:33,11.7600,31,595616.0000,507,B,11.7500,11.7400,11.7300,11.7200,11.7100,11.7600,11.7700,11.7800,11.7900,11.8000,100,2831,1061,1171,2202,331,742,808,1475,3802
SZ,000001,2019-06-04 09:47:36,11.7600,4,76416.0000,65,B,11.7500,11.7400,11.7300,11.7200,11.7100,11.7600,11.7700,11.7800,11.7900,11.8000,299,2865,1061,1191,2214,452,734,701,1475,3812
SZ,000001,2019-06-04 09:47:39,11.7500,26,773744.0000,658,S,11.7500,11.7400,11.7300,11.7200,11.7100,11.7700,11.7800,11.7900,11.8000,11.8100,747,2868,1069,1241,2618,566,696,1475,3812,1754
SZ,000001,2019-06-04 09:47:42,11.7500,20,211504.0000,180,S,11.7500,11.7400,11.7300,11.7200,11.7100,11.7600,11.7700,11.7800,11.7900,11.8000,841,2894,1064,1241,2620,51,722,696,1325,3824
SZ,000001,2019-06-04 09:47:45,11.7600,47,1161088.0000,988,B,11.7500,11.7400,11.7300,11.7200,11.7100,11.7600,11.7700,11.7800,11.7900,11.8000,125,2904,1067,1271,2626,81,702,744,1325,3822
SZ,000001,2019-06-04 09:47:48,11.7500,32,264448.0000,225,S,11.7500,11.7400,11.7300,11.7200,11.7100,11.7600,11.7700,11.7800,11.7900,11.8000,124,2931,1067,1308,2626,126,702,744,1313,3808
SZ,000001,2019-06-04 09:47:51,11.7600,14,217472.0000,185,B,11.7500,11.7400,11.7300,11.7200,11.7100,11.7600,11.7700,11.7800,11.7900,11.8000,404,2929,1070,1307,2586,19,702,744,1313,3698
SZ,000001,2019-06-04 09:47:54,11.7600,18,155152.0000,132,B,11.7500,11.7400,11.7300,11.7200,11.7100,11.7600,11.7700,11.7800,11.7900,11.8000,636,2950,1048,1344,2691,169,702,734,1113,3698
SZ,000001,2019-06-04 09:47:57,11.7500,17,303264.0000,258,S,11.7500,11.7400,11.7300,11.7200,11.7100,11.7600,11.7700,11.7800,11.7900,11.8000,802,2973,1102,1344,2702,201,702,734,1188,3698
SZ,000001,2019-06-04 09:48:00,11.7500,16,427888.0000,364,S,11.7500,11.7400,11.7300,11.7200,11.7100,11.7600,11.7700,11.7800,11.7900,11.8000,1021,2981,1102,1374,2756,306,701,734,1189,3698
SZ,000001,2019-06-04 09:48:03,11.7500,39,929568.0000,791,S,11.7500,11.7400,11.7300,11.7200,11.7100,11.7600,11.7700,11.7800,11.7900,11.8000,897,2981,1107,1374,2806,165,701,734,1595,3784
SZ,000001,2019-06-04 09:48:06,11.7600,29,870832.0000,741,B,11.7600,11.7500,11.7400,11.7300,11.7200,11.7700,11.7800,11.7900,11.8000,11.8100,74,591,2991,1107,1379,734,734,1595,3784,1754
SZ,000001,2019-06-04 09:48:09,11.7600,10,151712.0000,129,S,11.7600,11.7500,11.7400,11.7300,11.7200,11.7700,11.7800,11.7900,11.8000,11.8100,97,683,3049,1107,1399,1030,734,1595,3688,1754
SZ,000001,2019-06-04 09:48:12,11.7500,58,1259840.0000,1072,S,11.7400,11.7300,11.7200,11.7100,11.7000,11.7500,11.7600,11.7700,11.7800,11.7900,3059,1063,1413,2847,5794,2983,11,974,734,1585
SZ,000001,2019-06-04 09:48:15,11.7500,13,152736.0000,130,B,11.7400,11.7300,11.7200,11.7100,11.7000,11.7500,11.7600,11.7700,11.7800,11.7900,3067,1065,1413,2847,5806,3009,159,974,834,1585
SZ,000001,2019-06-04 09:48:18,11.7500,34,2238608.0000,1906,B,11.7400,11.7300,11.7200,11.7100,11.7000,11.7500,11.7600,11.7700,11.7800,11.7900,2163,1065,1416,2796,5843,2047,159,974,834,1585
SZ,000001,2019-06-04 09:48:21,11.7500,9,212528.0000,181,B,11.7400,11.7300,11.7200,11.7100,11.7000,11.7500,11.7600,11.7700,11.7800,11.7900,2319,1065,1416,2806,5850,2029,159,970,834,1585
SZ,000001,2019-06-04 09:48:24,11.7500,8,345360.0000,294,B,11.7400,11.7300,11.7200,11.7100,11.7000,11.7500,11.7600,11.7700,11.7800,11.7900,2278,1077,1416,2841,5940,1984,159,970,826,1585
SZ,000001,2019-06-04 09:48:27,11.7500,16,323120.0000,275,B,11.7400,11.7300,11.7200,11.7100,11.7000,11.7500,11.7600,11.7700,11.7800,11.7900,2357,1037,1459,2841,5936,2091,163,969,736,1585
SZ,000001,2019-06-04 09:48:30,11.7500,16,276016.0000,235,B,11.7400,11.7300,11.7200,11.7100,11.7000,11.7500,11.7600,11.7700,11.7800,11.7900,2267,1043,1459,2855,5981,2134,180,969,736,1585
SZ,000001,2019-06-04 09:48:33,11.7500,37,2626064.0000,2235,B,11.7400,11.7300,11.7200,11.7100,11.7000,11.7500,11.7600,11.7700,11.7800,11.7900,2224,1063,1456,2935,6026,191,180,969,604,1585
SZ,000001,2019-06-04 09:48:36,11.7500,24,550784.0000,469,B,11.7500,11.7400,11.7300,11.7200,11.7100,11.7600,11.7700,11.7800,11.7900,11.8000,533,2241,1065,1460,2955,76,969,604,1567,3609
SZ,000001,2019-06-04 09:48:39,11.7500,4,119856.0000,102,S,11.7500,11.7400,11.7300,11.7200,11.7100,11.7600,11.7700,11.7800,11.7900,11.8000,641,2347,1065,1460,3047,73,830,604,1567,3609
SZ,000001,2019-06-04 09:48:42,11.7500,4,35264.0000,30,S,11.7500,11.7400,11.7300,11.7200,11.7100,11.7600,11.7700,11.7800,11.7900,11.8000,932,2363,1065,1474,3053,273,830,604,1567,3609
SZ,000001,2019-06-04 09:48:45,11.7500,46,735568.0000,626,S,11.7500,11.7400,11.7300,11.7200,11.7100,11.7600,11.7700,11.7800,11.7900,11.8000,844,2413,1065,1474,3065,397,830,604,1567,3609
SZ,000001,2019-06-04 09:48:48,11.7500,29,275008.0000,234,S,11.7500,11.7400,11.7300,11.7200,11.7100,11.7600,11.7700,11.7800,11.7900,11.8000,848,2450,1065,1525,3125,341,824,604,1567,3609
SZ,000001,2019-06-04 09:48:51,11.7600,21,249152.0000,212,B,11.7500,11.7400,11.7300,11.7200,11.7100,11.7600,11.7700,11.7800,11.7900,11.8000,866,2461,1065,1627,3125,333,854,604,1567,3609
SZ,000001,2019-06-04 09:48:54,11.7600,12,135200.0000,115,B,11.7500,11.7400,11.7300,11.7200,11.7100,11.7600,11.7700,11.7800,11.7900,11.8000,1264,2464,1065,1643,3195,363,854,604,1607,3600
SZ,000001,2019-06-04 09:48:57,11.7600,22,471456.0000,401,B,11.7500,11.7400,11.7300,11.7200,11.7100,11.7600,11.7700,11.7800,11.7900,11.8000,1125,2454,1071,1658,3215,132,853,604,1608,3432
SZ,000001,2019-06-04 09:49:00,11.7600,22,209312.0000,178,B,11.7500,11.7400,11.7300,11.7200,11.7100,11.7600,11.7700,11.7800,11.7900,11.8000,1247,2465,1091,1658,3215,129,851,604,1592,3432
SZ,000001,2019-06-04 09:49:03,11.7500,14,307984.0000,262,S,11.7600,11.7500,11.7400,11.7300,11.7200,11.7700,11.7800,11.7900,11.8000,11.8100,364,1526,2481,1094,1658,851,500,1592,3432,1764
SZ,000001,2019-06-04 09:49:06,11.7700,14,629168.0000,535,B,11.7600,11.7500,11.7400,11.7300,11.7200,11.7700,11.7800,11.7900,11.8000,11.8100,160,1517,2481,1104,1709,798,500,1592,3452,1764
SZ,000001,2019-06-04 09:49:09,11.7600,6,25888.0000,22,S,11.7600,11.7500,11.7400,11.7300,11.7200,11.7700,11.7800,11.7900,11.8000,11.8100,374,1620,2468,1094,1719,787,500,1592,3452,1634
SZ,000001,2019-06-04 09:49:12,11.7600,7,216416.0000,184,S,11.7600,11.7500,11.7400,11.7300,11.7200,11.7700,11.7800,11.7900,11.8000,11.8100,399,1673,2310,1114,1720,750,500,1592,3452,1634
SZ,000001,2019-06-04 09:49:15,11.7600,10,155248.0000,132,S,11.7600,11.7500,11.7400,11.7300,11.7200,11.7700,11.7800,11.7900,11.8000,11.8100,722,1810,2195,1117,1720,879,500,1613,3484,1634
SZ,000001,2019-06-04 09:49:18,11.7700,7,107088.0000,91,B,11.7600,11.7500,11.7400,11.7300,11.7200,11.7700,11.7800,11.7900,11.8000,11.8100,933,1854,2163,1117,1720,476,500,1613,3474,1634
SZ,000001,2019-06-04 09:49:21,11.7700,20,1025488.0000,872,B,11.7600,11.7500,11.7400,11.7300,11.7200,11.7700,11.7800,11.7900,11.8000,11.8100,130,1856,2153,1127,1720,454,500,1613,3474,1634
SZ,000001,2019-06-04 09:49:24,11.7700,4,65920.0000,56,B,11.7600,11.7500,11.7400,11.7300,11.7200,11.7700,11.7800,11.7900,11.8000,11.8100,399,1950,2153,1127,1709,506,500,1613,3474,1634
SZ,000001,2019-06-04 09:49:27,11.7700,6,65904.0000,56,B,11.7600,11.7500,11.7400,11.7300,11.7200,11.7700,11.7800,11.7900,11.8000,11.8100,482,1943,2153,1217,1709,827,500,1629,3604,1634
SZ,000001,2019-06-04 09:49:30,11.7700,22,236464.0000,201,B,11.7600,11.7500,11.7400,11.7300,11.7200,11.7700,11.7800,11.7900,11.8000,11.8100,547,1939,2163,1217,1709,744,500,1629,3680,1634
SZ,000001,2019-06-04 09:49:33,11.7700,28,583776.0000,496,B,11.7600,11.7500,11.7400,11.7300,11.7200,11.7700,11.7800,11.7900,11.8000,11.8100,1049,2024,2163,1221,1709,263,674,1631,3630,1634
SZ,000001,2019-06-04 09:49:36,11.7700,13,368176.0000,313,B,11.7600,11.7500,11.7400,11.7300,11.7200,11.7700,11.7800,11.7900,11.8000,11.8100,867,2088,2152,1220,1709,339,674,1616,3630,1634
SZ,000001,2019-06-04 09:49:39,11.7700,24,592816.0000,504,B,11.7600,11.7500,11.7400,11.7300,11.7200,11.7700,11.7800,11.7900,11.8000,11.8100,585,2088,2152,1220,1709,224,704,1616,3630,1634
SZ,000001,2019-06-04 09:49:42,11.7700,9,171824.0000,146,B,11.7600,11.7500,11.7400,11.7300,11.7200,11.7700,11.7800,11.7900,11.8000,11.8100,580,2106,2152,1220,1709,116,704,1616,3652,1634
SZ,000001,2019-06-04 09:49:45,11.7700,15,169456.0000,144,B,11.7600,11.7500,11.7400,11.7300,11.7200,11.7700,11.7800,11.7900,11.8000,11.8100,601,2133,2152,1220,1709,662,704,1586,3642,1634
SZ,000001,2019-06-04 09:49:48,11.7700,9,224800.0000,191,B,11.7600,11.7500,11.7400,11.7300,11.7200,11.7700,11.7800,11.7900,11.8000,11.8100,763,2123,2152,1224,1709,564,704,1586,3642,1634
SZ,000001,2019-06-04 09:49:51,11.7700,14,403376.0000,343,B,11.7600,11.7500,11.7400,11.7300,11.7200,11.7700,11.7800,11.7900,11.8000,11.8100,576,2158,2137,1224,1709,554,773,1586,3642,1634
SZ,000001,2019-06-04 09:49:54,11.7600,8,67040.0000,57,S,11.7600,11.7500,11.7400,11.7300,11.7200,11.7700,11.7800,11.7900,11.8000,11.8100,592,2151,2158,1224,1709,676,773,1676,3560,1634
SZ,000001,2019-06-04 09:49:57,11.7700,8,99968.0000,85,B,11.7600,11.7500,11.7400,11.7300,11.7200,11.7700,11.7800,11.7900,11.8000,11.8100,651,2263,2158,1224,1707,661,609,1676,3560,1634
SZ,000001,2019-06-04 09:50:00,11.7600,11,526096.0000,447,S,11.7600,11.7500,11.7400,11.7300,11.7200,11.7700,11.7800,11.7900,11.8000,11.8100,728,2270,2153,1224,1721,394,609,1676,3560,1634
SZ,000001,2019-06-04 09:50:03,11.7700,25,296448.0000,252,B,11.7600,11.7500,11.7400,11.7300,11.7200,11.7700,11.7800,11.7900,11.8000,11.8100,754,2280,2153,1205,1721,310,609,1676,3560,1634
SZ,000001,2019-06-04 09:50:06,11.7600,14,218752.0000,186,S,11.7600,11.7500,11.7400,11.7300,11.7200,11.7700,11.7800,11.7900,11.8000,11.8100,966,2334,2153,1205,1719,588,609,1676,3560,1634
SZ,000001,2019-06-04 09:50:09,11.7600,9,18816.0000,16,S,11.7600,11.7500,11.7400,11.7300,11.7200,11.7700,11.7800,11.7900,11.8000,11.8100,1031,2340,2153,1205,1734,649,659,1676,3430,1634
SZ,000001,2019-06-04 09:50:12,11.7700,23,407232.0000,346,B,11.7600,11.7500,11.7400,11.7300,11.7200,11.7700,11.7800,11.7900,11.8000,11.8100,1111,2464,2101,1205,1734,323,659,1676,3446,1634
SZ,000001,2019-06-04 09:50:15,11.7700,19,713264.0000,606,B,11.7700,11.7600,11.7500,11.7400,11.7300,11.7800,11.7900,11.8000,11.8100,11.8200,381,1158,2466,2106,1205,759,1676,3441,1634,2487
SZ,000001,2019-06-04 09:50:18,11.7700,3,56496.0000,48,S,11.7700,11.7600,11.7500,11.7400,11.7300,11.7800,11.7900,11.8000,11.8100,11.8200,744,1182,2664,2106,1205,759,1676,3441,1634,2487
SZ,000001,2019-06-04 09:50:21,11.7700,56,1674256.0000,1423,S,11.7700,11.7600,11.7500,11.7400,11.7300,11.7800,11.7900,11.8000,11.8100,11.8200,94,765,2789,2151,1205,709,1676,3355,1634,2487
SZ,000001,2019-06-04 09:50:24,11.7700,11,167152.0000,142,S,11.7600,11.7500,11.7400,11.7300,11.7200,11.7700,11.7800,11.7900,11.8000,11.8100,666,2895,2148,1205,1834,1,998,1710,3356,1634
SZ,000001,2019-06-04 09:50:27,11.7800,12,120048.0000,102,B,11.7700,11.7600,11.7500,11.7400,11.7300,11.7800,11.7900,11.8000,11.8100,11.8200,23,683,3358,2157,1205,992,1710,3292,1634,2487
SZ,000001,2019-06-04 09:50:30,11.7700,13,1100464.0000,935,S,11.7700,11.7600,11.7500,11.7400,11.7300,11.7800,11.7900,11.8000,11.8100,11.8200,16,830,3383,2157,1193,1073,1710,3266,1634,2487
SZ,000001,2019-06-04 09:50:33,11.7800,30,721248.0000,613,B,11.7600,11.7500,11.7400,11.7300,11.7200,11.7800,11.7900,11.8000,11.8100,11.8200,713,3383,2158,1194,1884,1136,792,3266,1634,2487
SZ,000001,2019-06-04 09:50:36,11.7600,18,516864.0000,439,S,11.7600,11.7500,11.7400,11.7300,11.7200,11.7800,11.7900,11.8000,11.8100,11.8200,729,3649,2168,1194,1884,933,792,3356,1634,2487
SZ,000001,2019-06-04 09:50:39,11.7800,5,38832.0000,33,B,11.7700,11.7600,11.7500,11.7400,11.7300,11.7800,11.7900,11.8000,11.8100,11.8200,19,818,3751,2168,1257,923,792,3356,1634,2487
SZ,000001,2019-06-04 09:50:42,11.7800,15,255584.0000,217,B,11.7700,11.7600,11.7500,11.7400,11.7300,11.7800,11.7900,11.8000,11.8100,11.8200,39,863,3751,2154,1257,761,792,3356,1634,2487
SZ,000001,2019-06-04 09:50:45,11.7700,10,92992.0000,79,S,11.7700,11.7600,11.7500,11.7400,11.7300,11.7800,11.7900,11.8000,11.8100,11.8200,343,860,3811,2141,1257,1013,792,3356,1634,2487
SZ,000001,2019-06-04 09:50:48,11.7800,9,182432.0000,155,B,11.7700,11.7600,11.7500,11.7400,11.7300,11.7800,11.7900,11.8000,11.8100,11.8200,510,1055,3629,2247,1257,801,792,3356,1634,2487
SZ,000001,2019-06-04 09:50:51,11.7700,7,173056.0000,147,S,11.7700,11.7600,11.7500,11.7400,11.7300,11.7800,11.7900,11.8000,11.8100,11.8200,440,1255,3631,2247,1257,764,809,3356,1634,2487
SZ,000001,2019-06-04 09:50:54,11.7700,11,178944.0000,152,S,11.7700,11.7600,11.7500,11.7400,11.7300,11.7800,11.7900,11.8000,11.8100,11.8200,844,1283,3619,2242,1357,780,809,3365,1634,2487
SZ,000001,2019-06-04 09:50:57,11.7800,16,660864.0000,561,B,11.7700,11.7600,11.7500,11.7400,11.7300,11.7800,11.7900,11.8000,11.8100,11.8200,936,1255,3641,2253,1357,219,394,3365,1634,2487
SZ,000001,2019-06-04 09:51:00,11.7700,5,78864.0000,67,S,11.7700,11.7600,11.7500,11.7400,11.7300,11.7800,11.7900,11.8000,11.8100,11.8200,935,1280,3645,2256,1362,370,394,3365,1634,2487
SZ,000001,2019-06-04 09:51:03,11.7800,20,533552.0000,453,B,11.7800,11.7700,11.7600,11.7500,11.7400,11.7900,11.8000,11.8100,11.8200,11.8300,75,985,1215,3432,2236,394,3355,1634,2487,983
SZ,000001,2019-06-04 09:51:06,11.7900,8,255600.0000,217,B,11.7800,11.7700,11.7600,11.7500,11.7400,11.7900,11.8000,11.8100,11.8200,11.8300,38,927,1241,3473,2240,406,3355,1634,2487,983
SZ,000001,2019-06-04 09:51:09,11.7900,1,17680.0000,15,B,11.7800,11.7700,11.7600,11.7500,11.7400,11.7900,11.8000,11.8100,11.8200,11.8300,493,982,1244,3493,2240,456,3355,1634,2487,983
SZ,000001,2019-06-04 09:51:12,11.7900,10,190992.0000,162,B,11.7800,11.7700,11.7600,11.7500,11.7400,11.7900,11.8000,11.8100,11.8200,11.8300,778,1003,1428,3498,2240,297,3355,1634,2487,983
SZ,000001,2019-06-04 09:51:15,11.7900,9,140304.0000,119,B,11.7800,11.7700,11.7600,11.7500,11.7400,11.7900,11.8000,11.8100,11.8200,11.8300,819,1015,1456,3498,2235,455,3355,1634,2487,983
SZ,000001,2019-06-04 09:51:18,11.7900,40,1237920.0000,1051,B,11.7800,11.7700,11.7600,11.7500,11.7400,11.7900,11.8000,11.8100,11.8200,11.8300,45,952,1484,3498,2235,405,3355,1634,2487,983
SZ,000001,2019-06-04 09:51:21,11.7900,24,503360.0000,427,B,11.7800,11.7700,11.7600,11.7500,11.7400,11.7900,11.8000,11.8100,11.8200,11.8300,23,1068,1534,3483,2236,147,3455,1634,2487,983
SZ,000001,2019-06-04 09:51:24,11.7900,11,89584.0000,76,B,11.7800,11.7700,11.7600,11.7500,11.7400,11.7900,11.8000,11.8100,11.8200,11.8300,26,1123,1529,3493,2251,257,3445,1634,2487,983
SZ,000001,2019-06-04 09:51:27,11.7900,14,244032.0000,207,B,11.7800,11.7700,11.7600,11.7500,11.7400,11.7900,11.8000,11.8100,11.8200,11.8300,21,1153,1539,3507,2251,346,3465,1634,2487,991
SZ,000001,2019-06-04 09:51:30,11.7800,12,181376.0000,154,S,11.7700,11.7600,11.7500,11.7400,11.7300,11.7800,11.7900,11.8000,11.8100,11.8200,1130,1540,3511,2251,1521,31,352,3497,1634,2487
SZ,000001,2019-06-04 09:51:33,11.7900,7,57744.0000,49,B,11.7800,11.7700,11.7600,11.7500,11.7400,11.7900,11.8000,11.8100,11.8200,11.8300,152,1151,1540,3519,2251,442,3497,1634,2487,991
SZ,000001,2019-06-04 09:51:36,11.7800,5,137824.0000,117,S,11.7800,11.7700,11.7600,11.7500,11.7400,11.7900,11.8000,11.8100,11.8200,11.8300,189,1184,1540,3547,2251,433,3497,1634,2487,1591
SZ,000001,2019-06-04 09:51:39,11.7900,11,238016.0000,202,B,11.7800,11.7700,11.7600,11.7500,11.7400,11.7900,11.8000,11.8100,11.8200,11.8300,111,1184,1530,3527,2268,412,3497,1634,2487,1591
SZ,000001,2019-06-04 09:51:42,11.7900,14,154352.0000,131,B,11.7800,11.7700,11.7600,11.7500,11.7400,11.7900,11.8000,11.8100,11.8200,11.8300,67,1025,1530,3563,2243,506,3497,1634,2487,1591
SZ,000001,2019-06-04 09:51:45,11.7800,19,240352.0000,204,S,11.7800,11.7700,11.7600,11.7500,11.7400,11.7900,11.8000,11.8100,11.8200,11.8300,42,1281,1535,3570,2273,744,3497,1634,2487,1651
SZ,000001,2019-06-04 09:51:48,11.7800,13,134288.0000,114,S,11.7700,11.7600,11.7500,11.7400,11.7300,11.7800,11.7900,11.8000,11.8100,11.8200,1392,1535,3570,2273,1521,65,879,3557,1634,2497
SZ,000001,2019-06-04 09:51:51,11.7800,70,1749072.0000,1486,B,11.7700,11.7600,11.7500,11.7400,11.7300,11.7800,11.7900,11.8000,11.8100,11.8200,110,1535,3560,2252,1521,26,976,3567,1634,2497
SZ,000001,2019-06-04 09:51:54,11.7700,23,309536.0000,263,S,11.7700,11.7600,11.7500,11.7400,11.7300,11.7800,11.7900,11.8000,11.8100,11.8200,32,1498,3613,2253,1530,337,852,3580,1634,2497
SZ,000001,2019-06-04 09:51:57,11.7700,14,202464.0000,172,S,11.7600,11.7500,11.7400,11.7300,11.7200,11.7700,11.7800,11.7900,11.8000,11.8100,1497,3637,2253,1530,1894,163,369,853,3568,1634
SZ,000001,2019-06-04 09:52:00,11.7700,17,423712.0000,360,B,11.7600,11.7500,11.7400,11.7300,11.7200,11.7700,11.7800,11.7900,11.8000,11.8100,1431,3636,2253,1530,1894,136,649,835,3568,1634
SZ,000001,2019-06-04 09:52:03,11.7800,14,254304.0000,216,B,11.7600,11.7500,11.7400,11.7300,11.7200,11.7700,11.7800,11.7900,11.8000,11.8100,1755,3737,2263,1535,1894,279,576,618,3568,1634
SZ,000001,2019-06-04 09:52:06,11.7700,5,27072.0000,23,B,11.7600,11.7500,11.7400,11.7300,11.7200,11.7700,11.7800,11.7900,11.8000,11.8100,1757,3761,2263,1585,1894,381,632,618,3568,1634
SZ,000001,2019-06-04 09:52:09,11.7700,8,62384.0000,53,B,11.7600,11.7500,11.7400,11.7300,11.7200,11.7700,11.7800,11.7900,11.8000,11.8100,1800,3764,2304,1585,1894,332,750,1033,3518,1634
SZ,000001,2019-06-04 09:52:12,11.7700,5,72976.0000,62,B,11.7600,11.7500,11.7400,11.7300,11.7200,11.7700,11.7800,11.7900,11.8000,11.8100,1862,3774,2319,1585,1898,278,722,1222,3468,1634
SZ,000001,2019-06-04 09:52:15,11.7600,15,265952.0000,226,S,11.7600,11.7500,11.7400,11.7300,11.7200,11.7700,11.7800,11.7900,11.8000,11.8100,1804,3769,2318,1586,1895,210,722,1222,3468,1634
SZ,000001,2019-06-04 09:52:18,11.7700,7,95328.0000,81,B,11.7600,11.7500,11.7400,11.7300,11.7200,11.7700,11.7800,11.7900,11.8000,11.8100,1813,3779,2318,1586,1905,159,755,1258,3468,1634
SZ,000001,2019-06-04 09:52:21,11.7700,11,69440.0000,59,B,11.7600,11.7500,11.7400,11.7300,11.7200,11.7700,11.7800,11.7900,11.8000,11.8100,1845,3779,2318,1591,1905,277,755,1258,3468,1634
SZ,000001,2019-06-04 09:52:24,11.7700,9,140064.0000,119,B,11.7600,11.7500,11.7400,11.7300,11.7200,11.7700,11.7800,11.7900,11.8000,11.8100,1867,3814,2318,1590,1905,266,755,1258,3468,1634
SZ,000001,2019-06-04 09:52:27,11.7600,8,96464.0000,82,S,11.7600,11.7500,11.7400,11.7300,11.7200,11.7700,11.7800,11.7900,11.8000,11.8100,1912,3829,2330,1590,1905,239,765,1084,3441,1634
SZ,000001,2019-06-04 09:52:30,11.7700,11,163600.0000,139,B,11.7600,11.7500,11.7400,11.7300,11.7200,11.7700,11.7800,11.7900,11.8000,11.8100,1924,3829,2354,1590,1910,105,754,1066,3441,1634
SZ,000001,2019-06-04 09:52:33,11.7700,11,114112.0000,97,B,11.7600,11.7500,11.7400,11.7300,11.7200,11.7700,11.7800,11.7900,11.8000,11.8100,1889,3854,2362,1590,1915,133,754,1065,3451,1634
SZ,000001,2019-06-04 09:52:36,11.7700,10,491984.0000,418,B,11.7700,11.7600,11.7500,11.7400,11.7300,11.7800,11.7900,11.8000,11.8100,11.8200,87,1894,3863,2362,1567,754,1065,3451,1634,2537
SZ,000001,2019-06-04 09:52:39,11.7700,6,125936.0000,107,S,11.7700,11.7600,11.7500,11.7400,11.7300,11.7800,11.7900,11.8000,11.8100,11.8200,131,1794,3779,2361,1568,890,1065,3430,1634,2537
SZ,000001,2019-06-04 09:52:42,11.7700,4,107104.0000,91,S,11.7700,11.7600,11.7500,11.7400,11.7300,11.7800,11.7900,11.8000,11.8100,11.8200,327,1723,3775,2379,1568,855,1065,3420,1634,2537
SZ,000001,2019-06-04 09:52:45,11.7700,17,286016.0000,243,S,11.7700,11.7600,11.7500,11.7400,11.7300,11.7800,11.7900,11.8000,11.8100,11.8200,149,1741,3795,2379,1568,798,957,3420,1634,2537
SZ,000001,2019-06-04 09:52:48,11.7700,15,261296.0000,222,S,11.7600,11.7500,11.7400,11.7300,11.7200,11.7700,11.7800,11.7900,11.8000,11.8100,1754,3796,2370,1583,1936,4,819,957,3420,1634
SZ,000001,2019-06-04 09:52:51,11.7700,8,168304.0000,143,B,11.7600,11.7500,11.7400,11.7300,11.7200,11.7700,11.7800,11.7900,11.8000,11.8100,1756,3797,2371,1578,1936,42,811,957,3420,1634
SZ,000001,2019-06-04 09:52:54,11.7700,12,348432.0000,296,B,11.7700,11.7600,11.7500,11.7400,11.7300,11.7800,11.7900,11.8000,11.8100,11.8200,6,1789,3797,2371,1578,704,957,3440,1634,2537
SZ,000001,2019-06-04 09:52:57,11.7700,9,136448.0000,116,S,11.7700,11.7600,11.7500,11.7400,11.7300,11.7800,11.7900,11.8000,11.8100,11.8200,9,1720,3828,2371,1578,702,957,3440,1634,2537
SZ,000001,2019-06-04 09:53:00,11.7700,7,25904.0000,22,S,11.7700,11.7600,11.7500,11.7400,11.7300,11.7800,11.7900,11.8000,11.8100,11.8200,69,1768,3844,2421,1568,698,942,3440,1634,2537
SZ,000001,2019-06-04 09:53:03,11.7700,9,130640.0000,111,S,11.7700,11.7600,11.7500,11.7400,11.7300,11.7800,11.7900,11.8000,11.8100,11.8200,90,1771,3859,2424,1563,744,992,3440,1634,2537
SZ,000001,2019-06-04 09:53:06,11.7700,17,402544.0000,342,S,11.7600,11.7500,11.7400,11.7300,11.7200,11.7700,11.7800,11.7900,11.8000,11.8100,1807,3859,2442,1563,1956,36,941,992,3440,1634
SZ,000001,2019-06-04 09:53:09,11.7700,3,17648.0000,15,B,11.7600,11.7500,11.7400,11.7300,11.7200,11.7700,11.7800,11.7900,11.8000,11.8100,1800,3861,2449,1563,1956,41,1141,1017,3440,1634
SZ,000001,2019-06-04 09:53:12,11.7800,10,173088.0000,147,B,11.7700,11.7600,11.7500,11.7400,11.7300,11.7800,11.7900,11.8000,11.8100,11.8200,281,1764,3875,2449,1560,1068,1017,3429,1634,2537
SZ,000001,2019-06-04 09:53:15,11.7700,103,2213600.0000,1882,S,11.7700,11.7600,11.7500,11.7400,11.7300,11.7800,11.7900,11.8000,11.8100,11.8200,20,296,3871,2454,1560,1164,1017,3429,1634,2537
SZ,000001,2019-06-04 09:53:18,11.7700,23,191792.0000,163,S,11.7600,11.7500,11.7400,11.7300,11.7200,11.7700,11.7800,11.7900,11.8000,11.8100,249,3885,2469,1570,1919,61,1513,1017,3439,1634
SZ,000001,2019-06-04 09:53:21,11.7700,2,15296.0000,13,B,11.7600,11.7500,11.7400,11.7300,11.7200,11.7700,11.7800,11.7900,11.8000,11.8100,251,3890,2480,1570,1919,162,1639,1017,3464,1634
SZ,000001,2019-06-04 09:53:24,11.7700,10,257760.0000,219,B,11.7600,11.7500,11.7400,11.7300,11.7200,11.7700,11.7800,11.7900,11.8000,11.8100,291,3865,2486,1570,1899,79,1639,1017,3464,1634
SZ,000001,2019-06-04 09:53:27,11.7700,3,8240.0000,7,B,11.7600,11.7500,11.7400,11.7300,11.7200,11.7700,11.7800,11.7900,11.8000,11.8100,590,3865,2486,1570,1899,72,1511,1017,3464,1634
SZ,000001,2019-06-04 09:53:30,11.7700,5,52960.0000,45,B,11.7600,11.7500,11.7400,11.7300,11.7200,11.7700,11.7800,11.7900,11.8000,11.8100,655,3897,2486,1570,1897,27,1511,1317,3464,1634
SZ,000001,2019-06-04 09:53:33,11.7600,6,23552.0000,20,S,11.7600,11.7500,11.7400,11.7300,11.7200,11.7700,11.7800,11.7900,11.8000,11.8100,675,3864,2494,1570,1897,250,1454,1317,3464,1634
SZ,000001,2019-06-04 09:53:36,11.7700,7,131824.0000,112,B,11.7600,11.7500,11.7400,11.7300,11.7200,11.7700,11.7800,11.7900,11.8000,11.8100,682,3853,2494,1570,1927,411,1454,1317,3444,1634
SZ,000001,2019-06-04 09:53:39,11.7600,2,9408.0000,8,S,11.7600,11.7500,11.7400,11.7300,11.7200,11.7700,11.7800,11.7900,11.8000,11.8100,817,3853,2494,1575,1927,999,1454,1317,3444,1634
SZ,000001,2019-06-04 09:53:42,11.7700,10,99968.0000,85,B,11.7600,11.7500,11.7400,11.7300,11.7200,11.7700,11.7800,11.7900,11.8000,11.8100,996,3910,2492,1585,1927,990,1454,1317,3444,1634
SZ,000001,2019-06-04 09:53:45,11.7600,18,209376.0000,178,S,11.7600,11.7500,11.7400,11.7300,11.7200,11.7700,11.7800,11.7900,11.8000,11.8100,959,3910,2492,1585,1927,953,1453,1317,3444,1634
SZ,000001,2019-06-04 09:53:48,11.7700,9,138800.0000,118,B,11.7600,11.7500,11.7400,11.7300,11.7200,11.7700,11.7800,11.7900,11.8000,11.8100,971,4073,2492,1585,1927,927,1523,1317,3444,1634
SZ,000001,2019-06-04 09:53:51,11.7600,3,7056.0000,6,S,11.7600,11.7500,11.7400,11.7300,11.7200,11.7700,11.7800,11.7900,11.8000,11.8100,1042,4079,2502,1585,1927,1087,1523,1317,3444,1634
SZ,000001,2019-06-04 09:53:54,11.7600,2,131728.0000,112,S,11.7600,11.7500,11.7400,11.7300,11.7200,11.7700,11.7800,11.7900,11.8000,11.8100,965,4259,2802,1585,1927,1082,1523,1317,3444,1634
SZ,000001,2019-06-04 09:53:57,11.7700,3,189344.0000,161,B,11.7600,11.7500,11.7400,11.7300,11.7200,11.7700,11.7800,11.7900,11.8000,11.8100,929,4282,2802,1585,1927,1067,1367,1317,3444,1634
SZ,000001,2019-06-04 09:54:00,11.7700,3,25904.0000,22,B,11.7600,11.7500,11.7400,11.7300,11.7200,11.7700,11.7800,11.7900,11.8000,11.8100,945,4312,2803,1585,1927,1046,1366,1317,3444,1634
SZ,000001,2019-06-04 09:54:03,11.7700,17,606032.0000,515,B,11.7600,11.7500,11.7400,11.7300,11.7200,11.7700,11.7800,11.7900,11.8000,11.8100,997,4332,2813,1585,1927,809,1390,1317,3454,1634
SZ,000001,2019-06-04 09:54:06,11.7700,10,91760.0000,78,B,11.7600,11.7500,11.7400,11.7300,11.7200,11.7700,11.7800,11.7900,11.8000,11.8100,974,4325,2813,1585,1927,888,1390,1317,3454,1634
SZ,000001,2019-06-04 09:54:09,11.7700,4,96496.0000,82,B,11.7600,11.7500,11.7400,11.7300,11.7200,11.7700,11.7800,11.7900,11.8000,11.8100,977,4326,2813,1590,4045,931,1460,1317,3454,1634
SZ,000001,2019-06-04 09:54:12,11.7700,2,27072.0000,23,B,11.7600,11.7500,11.7400,11.7300,11.7200,11.7700,11.7800,11.7900,11.8000,11.8100,1041,4363,2823,1590,4045,928,1460,1307,3445,1634
SZ,000001,2019-06-04 09:54:15,11.7700,15,384560.0000,327,B,11.7600,11.7500,11.7400,11.7300,11.7200,11.7700,11.7800,11.7900,11.8000,11.8100,777,4386,2823,1590,4045,1034,1343,1297,3445,1634
SZ,000001,2019-06-04 09:54:18,11.7700,25,925088.0000,786,B,11.7600,11.7500,11.7400,11.7300,11.7200,11.7700,11.7800,11.7900,11.8000,11.8100,777,4402,2823,1610,4045,429,1372,1297,3445,1634
SZ,000001,2019-06-04 09:54:21,11.7700,5,21184.0000,18,B,11.7600,11.7500,11.7400,11.7300,11.7200,11.7700,11.7800,11.7900,11.8000,11.8100,789,4402,2823,1610,4045,590,1372,1297,3413,1634
SZ,000001,2019-06-04 09:54:24,11.7700,7,104752.0000,89,B,11.7600,11.7500,11.7400,11.7300,11.7200,11.7700,11.7800,11.7900,11.8000,11.8100,2054,4404,2823,1620,4048,716,1384,1297,3413,1634
SZ,000001,2019-06-04 09:54:27,11.7600,10,172880.0000,147,S,11.7600,11.7500,11.7400,11.7300,11.7200,11.7700,11.7800,11.7900,11.8000,11.8100,1985,4414,2823,1620,4048,712,1384,1297,3413,1634
SZ,000001,2019-06-04 09:54:30,11.7700,12,148256.0000,126,B,11.7600,11.7500,11.7400,11.7300,11.7200,11.7700,11.7800,11.7900,11.8000,11.8100,2056,4434,2828,1620,4048,626,1384,1297,3403,1634
SZ,000001,2019-06-04 09:54:33,11.7700,4,47072.0000,40,B,11.7600,11.7500,11.7400,11.7300,11.7200,11.7700,11.7800,11.7900,11.8000,11.8100,2220,4729,2828,1620,4048,655,1384,1297,3403,1634
SZ,000001,2019-06-04 09:54:36,11.7600,6,31760.0000,27,S,11.7600,11.7500,11.7400,11.7300,11.7200,11.7700,11.7800,11.7900,11.8000,11.8100,2226,4728,2833,1620,4048,1031,1384,1297,3403,1634
SZ,000001,2019-06-04 09:54:39,11.7700,4,52928.0000,45,B,11.7600,11.7500,11.7400,11.7300,11.7200,11.7700,11.7800,11.7900,11.8000,11.8100,2193,4708,2833,1670,4048,1036,1384,1297,3403,1634
SZ,000001,2019-06-04 09:54:42,11.7700,3,10592.0000,9,B,11.7600,11.7500,11.7400,11.7300,11.7200,11.7700,11.7800,11.7900,11.8000,11.8100,2433,4728,2833,1670,4048,1027,1384,1297,3403,1634
SZ,000001,2019-06-04 09:54:45,11.7700,8,41200.0000,35,B,11.7600,11.7500,11.7400,11.7300,11.7200,11.7700,11.7800,11.7900,11.8000,11.8100,2431,4673,2833,1670,4048,1117,1384,1297,3408,1634
SZ,000001,2019-06-04 09:54:48,11.7600,9,125840.0000,107,S,11.7600,11.7500,11.7400,11.7300,11.7200,11.7700,11.7800,11.7900,11.8000,11.8100,2353,4468,2833,1670,4051,1099,1384,1297,3408,1634
SZ,000001,2019-06-04 09:54:51,11.7700,19,377504.0000,321,B,11.7600,11.7500,11.7400,11.7300,11.7200,11.7700,11.7800,11.7900,11.8000,11.8100,2081,4473,2833,1670,4061,1301,1384,1297,3408,1634
SZ,000001,2019-06-04 09:54:54,11.7700,19,185824.0000,158,B,11.7600,11.7500,11.7400,11.7300,11.7200,11.7700,11.7800,11.7900,11.8000,11.8100,2113,4491,2834,1670,4069,1415,1386,1337,3408,1634
SZ,000001,2019-06-04 09:54:57,11.7700,12,301120.0000,256,B,11.7600,11.7500,11.7400,11.7300,11.7200,11.7700,11.7800,11.7900,11.8000,11.8100,1934,4491,2832,1700,4049,1346,1368,1337,3408,1634
SZ,000001,2019-06-04 09:55:00,11.7700,8,105920.0000,90,B,11.7600,11.7500,11.7400,11.7300,11.7200,11.7700,11.7800,11.7900,11.8000,11.8100,1992,4451,2822,1700,4049,1267,1368,1337,3408,1634
SZ,000001,2019-06-04 09:55:03,11.7700,8,371936.0000,316,B,11.7600,11.7500,11.7400,11.7300,11.7200,11.7700,11.7800,11.7900,11.8000,11.8100,2092,4458,2822,1700,4049,1175,1368,1337,3408,1634
SZ,000001,2019-06-04 09:55:06,11.7700,17,752096.0000,639,B,11.7600,11.7500,11.7400,11.7300,11.7200,11.7700,11.7800,11.7900,11.8000,11.8100,2307,4458,2872,1700,4050,846,1368,1337,3408,1634
SZ,000001,2019-06-04 09:55:09,11.7700,8,306976.0000,261,B,11.7600,11.7500,11.7400,11.7300,11.7200,11.7700,11.7800,11.7900,11.8000,11.8100,2081,4487,2902,1703,4050,805,1368,1337,3408,1634
SZ,000001,2019-06-04 09:55:12,11.7600,7,201184.0000,171,S,11.7600,11.7500,11.7400,11.7300,11.7200,11.7700,11.7800,11.7900,11.8000,11.8100,2365,4487,2902,1703,4050,715,1368,1337,3408,1634
SZ,000001,2019-06-04 09:55:15,11.7600,9,271712.0000,231,S,11.7600,11.7500,11.7400,11.7300,11.7200,11.7700,11.7800,11.7900,11.8000,11.8100,2275,4507,2902,1703,4050,640,1368,1337,3408,1634
SZ,000001,2019-06-04 09:55:18,11.7600,17,358960.0000,305,S,11.7600,11.7500,11.7400,11.7300,11.7200,11.7700,11.7800,11.7900,11.8000,11.8100,2346,4522,2907,1703,4050,519,1318,1337,3408,1634
SZ,000001,2019-06-04 09:55:21,11.7700,3,29408.0000,25,B,11.7600,11.7500,11.7400,11.7300,11.7200,11.7700,11.7800,11.7900,11.8000,11.8100,2369,4531,2915,1703,4050,745,1318,1337,3408,1634
SZ,000001,2019-06-04 09:55:24,11.7600,12,827360.0000,703,S,11.7600,11.7500,11.7400,11.7300,11.7200,11.7700,11.7800,11.7900,11.8000,11.8100,2409,4583,2915,1703,4050,220,1318,1337,3408,1634
SZ,000001,2019-06-04 09:55:27,11.7700,3,45888.0000,39,B,11.7600,11.7500,11.7400,11.7300,11.7200,11.7700,11.7800,11.7900,11.8000,11.8100,2469,4588,2916,1703,4051,284,1209,1362,3408,1634
SZ,000001,2019-06-04 09:55:30,11.7600,10,142368.0000,121,S,11.7600,11.7500,11.7400,11.7300,11.7200,11.7700,11.7800,11.7900,11.8000,11.8100,2471,4590,2918,1703,4061,218,1199,1362,3408,1634
SZ,000001,2019-06-04 09:55:33,11.7700,9,245872.0000,209,B,11.7600,11.7500,11.7400,11.7300,11.7200,11.7700,11.7800,11.7900,11.8000,11.8100,2372,4592,2918,1708,4061,641,1199,1362,3408,1634
SZ,000001,2019-06-04 09:55:36,11.7700,6,108256.0000,92,B,11.7600,11.7500,11.7400,11.7300,11.7200,11.7700,11.7800,11.7900,11.8000,11.8100,2367,4592,2918,1708,4061,860,1199,1571,3408,1634
SZ,000001,2019-06-04 09:55:39,11.7700,2,38816.0000,33,B,11.7600,11.7500,11.7400,11.7300,11.7200,11.7700,11.7800,11.7900,11.8000,11.8100,2400,5789,2918,1705,4062,859,841,1571,3408,1634
SZ,000001,2019-06-04 09:55:42,11.7600,11,225952.0000,192,S,11.7600,11.7500,11.7400,11.7300,11.7200,11.7700,11.7800,11.7900,11.8000,11.8100,2456,5780,2921,1705,4062,703,841,1571,3408,1634
SZ,000001,2019-06-04 09:55:45,11.7600,6,203472.0000,173,S,11.7600,11.7500,11.7400,11.7300,11.7200,11.7700,11.7800,11.7900,11.8000,11.8100,2156,5804,2921,1705,4119,678,841,1571,3408,1634
SZ,000001,2019-06-04 09:55:48,11.7700,6,258928.0000,220,B,11.7600,11.7500,11.7400,11.7300,11.7200,11.7700,11.7800,11.7900,11.8000,11.8100,2111,5827,2921,1705,4119,461,845,1571,3393,1634
SZ,000001,2019-06-04 09:55:51,11.7600,14,295408.0000,251,S,11.7600,11.7500,11.7400,11.7300,11.7200,11.7700,11.7800,11.7900,11.8000,11.8100,2305,5837,2921,1710,4119,404,845,1571,3393,1634
SZ,000001,2019-06-04 09:55:54,11.7600,6,137584.0000,117,S,11.7600,11.7500,11.7400,11.7300,11.7200,11.7700,11.7800,11.7900,11.8000,11.8100,2349,5837,2931,1710,4119,455,845,1571,3394,1634
SZ,000001,2019-06-04 09:55:57,11.7600,4,51776.0000,44,S,11.7600,11.7500,11.7400,11.7300,11.7200,11.7700,11.7800,11.7900,11.8000,11.8100,2358,5806,2931,1710,4119,436,855,1562,3394,1634
SZ,000001,2019-06-04 09:56:00,11.7700,7,211856.0000,180,B,11.7600,11.7500,11.7400,11.7300,11.7200,11.7700,11.7800,11.7900,11.8000,11.8100,2415,5802,2931,1715,4119,256,855,1562,3394,1634
SZ,000001,2019-06-04 09:56:03,11.7700,5,15296.0000,13,B,11.7600,11.7500,11.7400,11.7300,11.7200,11.7700,11.7800,11.7900,11.8000,11.8100,2525,5802,2936,1745,4128,414,861,1562,3394,1634
SZ,000001,2019-06-04 09:56:06,11.7600,11,155312.0000,132,S,11.7600,11.7500,11.7400,11.7300,11.7200,11.7700,11.7800,11.7900,11.8000,11.8100,2552,5805,2937,1745,4128,527,861,1562,3394,1634
SZ,000001,2019-06-04 09:56:09,11.7700,21,484816.0000,412,B,11.7600,11.7500,11.7400,11.7300,11.7200,11.7700,11.7800,11.7900,11.8000,11.8100,2472,5812,2937,1750,4128,247,861,1562,3394,1634
SZ,000001,2019-06-04 09:56:12,11.7600,24,367104.0000,312,S,11.7600,11.7500,11.7400,11.7300,11.7200,11.7700,11.7800,11.7900,11.8000,11.8100,2466,5944,2937,1750,4128,99,861,1562,3394,1634
SZ,000001,2019-06-04 09:56:15,11.7700,7,165856.0000,141,B,11.7600,11.7500,11.7400,11.7300,11.7200,11.7700,11.7800,11.7900,11.8000,11.8100,2366,5943,2939,1751,4128,65,861,1563,3394,1634
SZ,000001,2019-06-04 09:56:18,11.7700,10,104704.0000,89,B,11.7600,11.7500,11.7400,11.7300,11.7200,11.7700,11.7800,11.7900,11.8000,11.8100,2333,5943,2939,1751,4132,21,861,1563,3394,1634
SZ,000001,2019-06-04 09:56:21,11.7700,9,96480.0000,82,B,11.7600,11.7500,11.7400,11.7300,11.7200,11.7700,11.7800,11.7900,11.8000,11.8100,3556,5937,2944,1764,4132,156,861,1563,3394,1634
SZ,000001,2019-06-04 09:56:24,11.7700,94,2441440.0000,2076,B,11.7600,11.7500,11.7400,11.7300,11.7200,11.7700,11.7800,11.7900,11.8000,11.8100,1549,5937,2944,1764,4132,211,861,1563,3394,1634
SZ,000001,2019-06-04 09:56:27,11.7700,4,78848.0000,67,B,11.7600,11.7500,11.7400,11.7300,11.7200,11.7700,11.7800,11.7900,11.8000,11.8100,1558,5937,2944,1714,4137,144,861,1563,3394,1634
SZ,000001,2019-06-04 09:56:30,11.7700,7,72272.0000,61,B,11.7600,11.7500,11.7400,11.7300,11.7200,11.7700,11.7800,11.7900,11.8000,11.8100,1648,6020,2944,1714,4142,827,860,1563,3386,1645
SZ,000001,2019-06-04 09:56:33,11.7700,8,72976.0000,62,B,11.7600,11.7500,11.7400,11.7300,11.7200,11.7700,11.7800,11.7900,11.8000,11.8100,1766,6020,2944,1714,4142,908,862,1563,3386,1645
SZ,000001,2019-06-04 09:56:36,11.7700,9,76464.0000,65,B,11.7600,11.7500,11.7400,11.7300,11.7200,11.7700,11.7800,11.7900,11.8000,11.8100,1732,6030,2944,1814,4147,1189,862,1439,3386,1645
SZ,000001,2019-06-04 09:56:39,11.7700,1,1168.0000,1,B,11.7600,11.7500,11.7400,11.7300,11.7200,11.7700,11.7800,11.7900,11.8000,11.8100,1732,6031,2944,1824,4147,1188,862,1439,3386,1645
SZ,000001,2019-06-04 09:56:42,11.7500,38,2356192.0000,2004,S,11.7500,11.7400,11.7300,11.7200,11.7100,11.7600,11.7700,11.7800,11.7900,11.8000,6010,2944,1839,4147,3732,15,1236,862,1469,3386
SZ,000001,2019-06-04 09:56:45,11.7600,11,553792.0000,471,B,11.7500,11.7400,11.7300,11.7200,11.7100,11.7600,11.7700,11.7800,11.7900,11.8000,5866,2944,1839,4158,3732,137,1236,862,1444,3381
SZ,000001,2019-06-04 09:56:48,11.7600,9,56400.0000,48,B,11.7500,11.7400,11.7300,11.7200,11.7100,11.7600,11.7700,11.7800,11.7900,11.8000,5741,3029,1839,4158,3732,474,1236,862,1029,3381
SZ,000001,2019-06-04 09:56:51,11.7500,10,235120.0000,200,S,11.7500,11.7400,11.7300,11.7200,11.7100,11.7600,11.7700,11.7800,11.7900,11.8000,5703,3029,1839,4158,3732,529,1212,862,994,3381
SZ,000001,2019-06-04 09:56:54,11.7500,21,350176.0000,298,S,11.7500,11.7400,11.7300,11.7200,11.7100,11.7600,11.7700,11.7800,11.7900,11.8000,5438,3029,1839,4168,3732,1541,1212,862,994,3381
