市场代码,证券代码,时间,最新价,成交笔数,成交额,成交量,方向,买一价,买二价,买三价,买四价,买五价,卖一价,卖二价,卖三价,卖四价,卖五价,买一量,买二量,买三量,买四量,买五量,卖一量,卖二量,卖三量,卖四量,卖五量
SZ,000001,2019-06-13 09:25:03,12.5400,69,1004454.0000,801,S,12.5400,12.5300,12.5200,12.5100,12.5000,12.5500,12.5600,12.5700,12.5800,12.5900,6,30,142,712,513,542,426,844,4,15
SZ,000001,2019-06-13 09:30:03,12.5300,45,727053.0000,580,S,12.5300,12.5200,12.5100,12.5000,12.4900,12.5400,12.5500,12.5600,12.5700,12.5800,26,187,726,1858,95,385,371,434,613,286
SZ,000001,2019-06-13 09:30:06,12.5400,20,226799.0000,181,B,12.5200,12.5100,12.5000,12.4900,12.4800,12.5400,12.5500,12.5600,12.5700,12.5800,180,734,1879,118,365,477,379,417,613,286
SZ,000001,2019-06-13 09:30:09,12.5400,2,3762.0000,3,B,12.5200,12.5100,12.5000,12.4900,12.4800,12.5400,12.5500,12.5600,12.5700,12.5800,366,735,1897,118,385,529,378,417,613,286
SZ,000001,2019-06-13 09:30:12,12.5300,4,31349.0000,25,S,12.5200,12.5100,12.5000,12.4900,12.4800,12.5400,12.5500,12.5600,12.5700,12.5800,336,735,1895,118,385,506,378,417,613,286
SZ,000001,2019-06-13 09:30:15,12.5200,4,80128.0000,64,S,12.5200,12.5100,12.5000,12.4900,12.4800,12.5400,12.5500,12.5600,12.5700,12.5800,262,735,1896,118,385,506,378,417,633,286
SZ,000001,2019-06-13 09:30:18,12.5300,2,31345.0000,25,B,12.5300,12.5200,12.5100,12.5000,12.4900,12.5400,12.5500,12.5600,12.5700,12.5800,49,270,735,1899,118,486,378,417,633,286
SZ,000001,2019-06-13 09:30:21,12.5400,20,450823.0000,360,B,12.5200,12.5100,12.5000,12.4900,12.4800,12.5300,12.5400,12.5500,12.5600,12.5700,5,735,1929,118,385,4,462,363,417,633
SZ,000001,2019-06-13 09:30:24,12.5200,6,55088.0000,44,S,12.5100,12.5000,12.4900,12.4800,12.4700,12.5200,12.5300,12.5400,12.5500,12.5600,735,1929,118,385,315,250,50,460,363,414
SZ,000001,2019-06-13 09:30:27,12.5200,4,65074.0000,52,B,12.5100,12.5000,12.4900,12.4800,12.4700,12.5200,12.5300,12.5400,12.5500,12.5600,711,1929,118,388,315,234,44,488,363,414
SZ,000001,2019-06-13 09:30:30,12.5200,6,128956.0000,103,B,12.5100,12.5000,12.4900,12.4800,12.4700,12.5200,12.5300,12.5400,12.5500,12.5600,721,1929,118,388,315,150,26,476,343,414
SZ,000001,2019-06-13 09:30:33,12.5200,13,190302.0000,152,B,12.5100,12.5000,12.4900,12.4800,12.4700,12.5300,12.5400,12.5500,12.5600,12.5700,802,1932,118,388,315,26,476,343,414,633
SZ,000001,2019-06-13 09:30:36,12.5100,10,80096.0000,64,S,12.5200,12.5100,12.5000,12.4900,12.4800,12.5300,12.5400,12.5500,12.5600,12.5700,10,758,1932,118,388,22,442,343,414,633
SZ,000001,2019-06-13 09:30:39,12.5300,6,279200.0000,223,B,12.5200,12.5100,12.5000,12.4900,12.4800,12.5300,12.5400,12.5500,12.5600,12.5700,301,675,1922,118,388,18,442,315,414,633
SZ,000001,2019-06-13 09:30:42,12.5300,1,5012.0000,4,B,12.5200,12.5100,12.5000,12.4900,12.4800,12.5300,12.5400,12.5500,12.5600,12.5700,347,685,1922,118,388,14,430,287,414,633
SZ,000001,2019-06-13 09:30:45,12.5200,5,266676.0000,213,S,12.5200,12.5100,12.5000,12.4900,12.4800,12.5300,12.5400,12.5500,12.5600,12.5700,134,687,1923,118,388,18,410,287,375,633
SZ,000001,2019-06-13 09:30:48,12.5300,4,128960.0000,103,B,12.5200,12.5100,12.5000,12.4900,12.4800,12.5300,12.5400,12.5500,12.5600,12.5700,50,718,1923,118,388,99,410,287,375,633
SZ,000001,2019-06-13 09:30:51,12.5200,19,112700.0000,90,S,12.5100,12.5000,12.4900,12.4800,12.4700,12.5200,12.5300,12.5400,12.5500,12.5600,718,1923,118,388,315,1613,81,410,287,375
SZ,000001,2019-06-13 09:30:54,12.5100,1,11259.0000,9,S,12.5100,12.5000,12.4900,12.4800,12.4700,12.5200,12.5300,12.5400,12.5500,12.5600,759,1923,118,388,315,1634,81,410,278,375
SZ,000001,2019-06-13 09:30:57,12.5200,2,43787.0000,35,B,12.5100,12.5000,12.4900,12.4800,12.4700,12.5200,12.5300,12.5400,12.5500,12.5600,746,1933,125,388,315,1643,92,410,279,389
SZ,000001,2019-06-13 09:31:00,12.5100,4,633006.0000,506,S,12.5100,12.5000,12.4900,12.4800,12.4700,12.5200,12.5300,12.5400,12.5500,12.5600,579,1924,125,388,315,1643,119,410,279,389
SZ,000001,2019-06-13 09:31:03,12.5200,5,20030.0000,16,B,12.5100,12.5000,12.4900,12.4800,12.4700,12.5200,12.5300,12.5400,12.5500,12.5600,587,1924,125,388,315,1630,119,280,279,389
SZ,000001,2019-06-13 09:31:06,12.5100,22,739341.0000,591,S,12.5000,12.4900,12.4800,12.4700,12.4600,12.5100,12.5200,12.5300,12.5400,12.5500,1923,125,388,315,280,463,1640,109,280,279
SZ,000001,2019-06-13 09:31:09,12.5100,10,510387.0000,408,B,12.5000,12.4900,12.4800,12.4700,12.4600,12.5100,12.5200,12.5300,12.5400,12.5500,1940,125,388,315,280,89,1640,109,280,279
SZ,000001,2019-06-13 09:31:12,12.5100,12,201410.0000,161,B,12.5000,12.4900,12.4800,12.4700,12.4600,12.5100,12.5200,12.5300,12.5400,12.5500,1939,125,388,315,280,150,1640,112,198,279
SZ,000001,2019-06-13 09:31:15,12.5100,11,240162.0000,192,B,12.5100,12.5000,12.4900,12.4800,12.4700,12.5200,12.5300,12.5400,12.5500,12.5600,51,1915,125,438,315,1638,112,197,279,399
SZ,000001,2019-06-13 09:31:18,12.5100,2,12510.0000,10,S,12.5100,12.5000,12.4900,12.4800,12.4700,12.5200,12.5300,12.5400,12.5500,12.5600,403,1916,125,448,315,1634,112,187,279,399
SZ,000001,2019-06-13 09:31:21,12.5200,3,75119.0000,60,B,12.5100,12.5000,12.4900,12.4800,12.4700,12.5200,12.5300,12.5400,12.5500,12.5600,522,1919,125,468,315,1573,112,187,279,385
SZ,000001,2019-06-13 09:31:24,12.5100,4,718515.0000,574,S,12.5100,12.5000,12.4900,12.4800,12.4700,12.5200,12.5300,12.5400,12.5500,12.5600,409,1920,126,468,315,1172,112,103,279,385
SZ,000001,2019-06-13 09:31:27,12.5200,5,723652.0000,578,B,12.5100,12.5000,12.4900,12.4800,12.4700,12.5200,12.5300,12.5400,12.5500,12.5600,748,1930,126,468,315,626,112,103,167,385
SZ,000001,2019-06-13 09:31:30,12.5200,26,975308.0000,779,B,12.5200,12.5100,12.5000,12.4900,12.4800,12.5300,12.5400,12.5500,12.5600,12.5700,45,1444,1937,126,468,112,103,167,385,833
SZ,000001,2019-06-13 09:31:33,12.5300,6,140336.0000,112,B,12.5300,12.5200,12.5100,12.5000,12.4900,12.5400,12.5500,12.5600,12.5700,12.5800,220,102,1445,1927,125,103,167,385,833,86
SZ,000001,2019-06-13 09:31:36,12.5400,19,157628.0000,126,B,12.5400,12.5300,12.5200,12.5100,12.5000,12.5500,12.5600,12.5700,12.5800,12.5900,71,22,118,1450,1926,167,385,833,86,911
SZ,000001,2019-06-13 09:31:39,12.5500,16,40136.0000,32,B,12.5400,12.5300,12.5200,12.5100,12.5000,12.5500,12.5600,12.5700,12.5800,12.5900,9,24,88,1302,1915,142,385,847,86,911
SZ,000001,2019-06-13 09:31:42,12.5500,14,25083.0000,20,B,12.5400,12.5300,12.5200,12.5100,12.5000,12.5500,12.5600,12.5700,12.5800,12.5900,5,24,588,1522,1915,160,385,847,86,911
SZ,000001,2019-06-13 09:31:45,12.5400,7,36390.0000,29,S,12.5300,12.5200,12.5100,12.5000,12.4900,12.5500,12.5600,12.5700,12.5800,12.5900,70,976,1521,1915,125,138,385,847,86,911
SZ,000001,2019-06-13 09:31:48,12.5400,2,2508.0000,2,S,12.5400,12.5300,12.5200,12.5100,12.5000,12.5500,12.5600,12.5700,12.5800,12.5900,4,72,993,1521,1915,203,385,847,86,911
SZ,000001,2019-06-13 09:31:51,12.5400,4,6270.0000,5,S,12.5300,12.5200,12.5100,12.5000,12.4900,12.5400,12.5500,12.5600,12.5700,12.5800,71,998,1576,1915,125,11,213,377,847,86
SZ,000001,2019-06-13 09:31:54,12.5500,9,27597.0000,22,B,12.5300,12.5200,12.5100,12.5000,12.4900,12.5500,12.5600,12.5700,12.5800,12.5900,107,977,1594,1912,125,262,377,843,86,911
SZ,000001,2019-06-13 09:31:57,12.5400,5,7520.0000,6,S,12.5400,12.5300,12.5200,12.5100,12.5000,12.5500,12.5600,12.5700,12.5800,12.5900,18,146,990,1584,1912,271,377,843,86,911
SZ,000001,2019-06-13 09:32:00,12.5400,9,92755.0000,74,S,12.5300,12.5200,12.5100,12.5000,12.4900,12.5400,12.5500,12.5600,12.5700,12.5800,605,994,1584,1924,125,5,271,372,843,86
SZ,000001,2019-06-13 09:32:03,12.5400,19,429831.0000,343,B,12.5300,12.5200,12.5100,12.5000,12.4900,12.5400,12.5500,12.5600,12.5700,12.5800,452,1003,1654,1914,125,70,344,372,843,86
SZ,000001,2019-06-13 09:32:06,12.5400,4,18799.0000,15,B,12.5300,12.5200,12.5100,12.5000,12.4900,12.5400,12.5500,12.5600,12.5700,12.5800,441,1008,1654,1934,125,79,344,372,833,136
SZ,000001,2019-06-13 09:32:09,12.5300,4,55132.0000,44,S,12.5300,12.5200,12.5100,12.5000,12.4900,12.5400,12.5500,12.5600,12.5700,12.5800,397,685,1654,1934,128,106,416,372,863,136
SZ,000001,2019-06-13 09:32:12,12.5300,6,498694.0000,398,S,12.5200,12.5100,12.5000,12.4900,12.4800,12.5300,12.5400,12.5500,12.5600,12.5700,685,1654,1950,128,468,57,174,416,372,863
SZ,000001,2019-06-13 09:32:15,12.5100,18,867635.0000,693,S,12.5100,12.5000,12.4900,12.4800,12.4700,12.5300,12.5400,12.5500,12.5600,12.5700,1652,1950,128,468,335,74,182,416,372,863
SZ,000001,2019-06-13 09:32:18,12.5200,5,71415.0000,57,B,12.5100,12.5000,12.4900,12.4800,12.4700,12.5200,12.5300,12.5400,12.5500,12.5600,1664,1950,128,468,335,15,34,187,416,372
SZ,000001,2019-06-13 09:32:21,12.5100,8,122616.0000,98,S,12.5100,12.5000,12.4900,12.4800,12.4700,12.5200,12.5300,12.5400,12.5500,12.5600,1733,1950,128,468,335,93,29,187,351,372
SZ,000001,2019-06-13 09:32:24,12.5200,7,128955.0000,103,B,12.5200,12.5100,12.5000,12.4900,12.4800,12.5300,12.5400,12.5500,12.5600,12.5700,99,1800,1950,128,468,24,187,351,372,863
SZ,000001,2019-06-13 09:32:27,12.5300,14,57616.0000,46,B,12.5300,12.5200,12.5100,12.5000,12.4900,12.5400,12.5500,12.5600,12.5700,12.5800,313,260,1597,1950,128,187,291,372,829,246
SZ,000001,2019-06-13 09:32:30,12.5400,16,651760.0000,520,B,12.5400,12.5300,12.5200,12.5100,12.5000,12.5500,12.5600,12.5700,12.5800,12.5900,51,30,259,1540,2011,291,372,829,246,922
SZ,000001,2019-06-13 09:32:33,12.5300,11,102777.0000,82,S,12.5300,12.5200,12.5100,12.5000,12.4900,12.5400,12.5500,12.5600,12.5700,12.5800,6,194,1524,2011,128,139,291,372,799,246
SZ,000001,2019-06-13 09:32:36,12.5200,5,100239.0000,80,S,12.5200,12.5100,12.5000,12.4900,12.4800,12.5300,12.5400,12.5500,12.5600,12.5700,222,1474,2011,128,468,43,72,280,380,799
SZ,000001,2019-06-13 09:32:39,12.5300,8,85231.0000,68,B,12.5200,12.5100,12.5000,12.4900,12.4800,12.5300,12.5400,12.5500,12.5600,12.5700,226,1479,2011,128,438,67,41,280,380,599
SZ,000001,2019-06-13 09:32:42,12.5200,2,7515.0000,6,S,12.5200,12.5100,12.5000,12.4900,12.4800,12.5300,12.5400,12.5500,12.5600,12.5700,276,1479,2001,128,438,64,41,280,394,599
SZ,000001,2019-06-13 09:32:45,12.5200,4,31322.0000,25,S,12.5200,12.5100,12.5000,12.4900,12.4800,12.5300,12.5400,12.5500,12.5600,12.5700,284,1489,2021,128,438,44,98,280,384,599
SZ,000001,2019-06-13 09:32:48,12.5300,3,42573.0000,34,B,12.5200,12.5100,12.5000,12.4900,12.4800,12.5300,12.5400,12.5500,12.5600,12.5700,265,1489,2021,128,438,41,298,280,384,598
SZ,000001,2019-06-13 09:32:51,12.5300,3,22554.0000,18,B,12.5200,12.5100,12.5000,12.4900,12.4800,12.5300,12.5400,12.5500,12.5600,12.5700,443,1458,2025,128,435,30,298,280,384,598
SZ,000001,2019-06-13 09:32:54,12.5300,10,57638.0000,46,B,12.5300,12.5200,12.5100,12.5000,12.4900,12.5400,12.5500,12.5600,12.5700,12.5800,18,390,1455,2040,128,298,280,384,598,846
SZ,000001,2019-06-13 09:32:57,12.5200,9,131525.0000,105,S,12.5200,12.5100,12.5000,12.4900,12.4800,12.5400,12.5500,12.5600,12.5700,12.5800,418,1445,2040,128,435,295,280,384,598,846
SZ,000001,2019-06-13 09:33:00,12.5400,5,35084.0000,28,B,12.5200,12.5100,12.5000,12.4900,12.4800,12.5400,12.5500,12.5600,12.5700,12.5800,404,1445,2040,143,440,281,280,384,598,846
SZ,000001,2019-06-13 09:33:03,12.5400,5,12526.0000,10,B,12.5200,12.5100,12.5000,12.4900,12.4800,12.5400,12.5500,12.5600,12.5700,12.5800,398,1445,2040,143,440,279,270,384,598,846
SZ,000001,2019-06-13 09:33:06,12.5200,21,225400.0000,180,S,12.5200,12.5100,12.5000,12.4900,12.4800,12.5300,12.5400,12.5500,12.5600,12.5700,240,1445,2040,143,445,200,307,270,384,598
SZ,000001,2019-06-13 09:33:09,12.5300,4,107754.0000,86,B,12.5200,12.5100,12.5000,12.4900,12.4800,12.5300,12.5400,12.5500,12.5600,12.5700,263,1450,2040,143,445,118,298,270,393,598
SZ,000001,2019-06-13 09:33:12,12.5200,5,101464.0000,81,S,12.5200,12.5100,12.5000,12.4900,12.4800,12.5300,12.5400,12.5500,12.5600,12.5700,264,1450,2040,143,445,66,298,270,393,598
SZ,000001,2019-06-13 09:33:15,12.5300,9,90212.0000,72,B,12.5300,12.5200,12.5100,12.5000,12.4900,12.5400,12.5500,12.5600,12.5700,12.5800,462,264,1450,2040,143,301,270,385,598,846
SZ,000001,2019-06-13 09:33:18,12.5300,1,62650.0000,50,S,12.5300,12.5200,12.5100,12.5000,12.4900,12.5400,12.5500,12.5600,12.5700,12.5800,418,263,1450,2040,143,301,270,385,598,846
SZ,000001,2019-06-13 09:33:21,12.5400,1,2508.0000,2,B,12.5300,12.5200,12.5100,12.5000,12.4900,12.5400,12.5500,12.5600,12.5700,12.5800,430,265,1445,2040,143,72,270,385,598,846
SZ,000001,2019-06-13 09:33:24,12.5300,2,149107.0000,119,S,12.5300,12.5200,12.5100,12.5000,12.4900,12.5400,12.5500,12.5600,12.5700,12.5800,318,267,1442,2045,143,72,270,385,491,846
SZ,000001,2019-06-13 09:33:27,12.5400,4,36360.0000,29,B,12.5300,12.5200,12.5100,12.5000,12.4900,12.5400,12.5500,12.5600,12.5700,12.5800,315,270,1460,2095,143,63,270,385,491,846
SZ,000001,2019-06-13 09:33:30,12.5400,12,100332.0000,80,B,12.5300,12.5200,12.5100,12.5000,12.4900,12.5500,12.5600,12.5700,12.5800,12.5900,325,300,1460,2095,143,258,385,521,846,925
SZ,000001,2019-06-13 09:33:33,12.5500,3,33837.0000,27,B,12.5400,12.5300,12.5200,12.5100,12.5000,12.5500,12.5600,12.5700,12.5800,12.5900,7,306,301,1460,2139,245,385,521,846,925
SZ,000001,2019-06-13 09:33:36,12.5400,2,5018.0000,4,S,12.5400,12.5300,12.5200,12.5100,12.5000,12.5500,12.5600,12.5700,12.5800,12.5900,16,313,301,1460,2139,245,385,521,846,925
SZ,000001,2019-06-13 09:33:39,12.5400,5,32604.0000,26,S,12.5300,12.5200,12.5100,12.5000,12.4900,12.5400,12.5500,12.5600,12.5700,12.5800,309,321,1460,2139,143,214,245,305,521,846
SZ,000001,2019-06-13 09:33:42,12.5400,2,8778.0000,7,B,12.5300,12.5200,12.5100,12.5000,12.4900,12.5400,12.5500,12.5600,12.5700,12.5800,430,321,1461,2147,143,207,245,328,521,846
SZ,000001,2019-06-13 09:33:45,12.5400,5,10028.0000,8,B,12.5300,12.5200,12.5100,12.5000,12.4900,12.5400,12.5500,12.5600,12.5700,12.5800,539,341,1461,2167,143,244,243,328,521,846
SZ,000001,2019-06-13 09:33:48,12.5400,2,7524.0000,6,B,12.5300,12.5200,12.5100,12.5000,12.4900,12.5400,12.5500,12.5600,12.5700,12.5800,539,340,1460,2280,143,529,282,328,521,846
SZ,000001,2019-06-13 09:33:51,12.5400,6,85272.0000,68,B,12.5300,12.5200,12.5100,12.5000,12.4900,12.5400,12.5500,12.5600,12.5700,12.5800,544,340,1460,2280,143,461,282,328,521,846
SZ,000001,2019-06-13 09:33:54,12.5300,5,53907.0000,43,S,12.5300,12.5200,12.5100,12.5000,12.4900,12.5400,12.5500,12.5600,12.5700,12.5800,529,354,1460,2287,143,459,282,328,521,846
SZ,000001,2019-06-13 09:33:57,12.5400,3,27586.0000,22,B,12.5300,12.5200,12.5100,12.5000,12.4900,12.5400,12.5500,12.5600,12.5700,12.5800,528,364,1460,2287,143,441,282,328,521,846
SZ,000001,2019-06-13 09:34:00,12.5400,3,46398.0000,37,B,12.5300,12.5200,12.5100,12.5000,12.4900,12.5400,12.5500,12.5600,12.5700,12.5800,530,364,1460,2287,143,424,282,328,521,846
SZ,000001,2019-06-13 09:34:03,12.5400,4,11284.0000,9,B,12.5300,12.5200,12.5100,12.5000,12.4900,12.5400,12.5500,12.5600,12.5700,12.5800,528,364,1460,2287,143,419,285,328,521,846
SZ,000001,2019-06-13 09:34:06,12.5400,12,285891.0000,228,B,12.5300,12.5200,12.5100,12.5000,12.4900,12.5400,12.5500,12.5600,12.5700,12.5800,510,364,1460,2287,143,212,285,328,521,846
SZ,000001,2019-06-13 09:34:09,12.5400,7,40128.0000,32,B,12.5300,12.5200,12.5100,12.5000,12.4900,12.5400,12.5500,12.5600,12.5700,12.5800,530,364,1460,2297,143,180,310,328,491,846
SZ,000001,2019-06-13 09:34:12,12.5400,13,87760.0000,70,B,12.5300,12.5200,12.5100,12.5000,12.4900,12.5400,12.5500,12.5600,12.5700,12.5800,513,463,1460,2292,143,130,310,318,491,846
SZ,000001,2019-06-13 09:34:15,12.5400,15,198132.0000,158,B,12.5400,12.5300,12.5200,12.5100,12.5000,12.5500,12.5600,12.5700,12.5800,12.5900,28,515,458,1465,2292,310,318,491,846,925
SZ,000001,2019-06-13 09:34:18,12.5400,2,15048.0000,12,S,12.5400,12.5300,12.5200,12.5100,12.5000,12.5500,12.5600,12.5700,12.5800,12.5900,28,513,458,1464,2292,310,318,491,846,925
SZ,000001,2019-06-13 09:34:21,12.5500,17,400345.0000,319,B,12.5500,12.5400,12.5300,12.5200,12.5100,12.5600,12.5700,12.5800,12.5900,12.6000,181,78,509,477,1464,318,487,846,925,305
SZ,000001,2019-06-13 09:34:24,12.5600,2,5023.0000,4,B,12.5500,12.5400,12.5300,12.5200,12.5100,12.5600,12.5700,12.5800,12.5900,12.6000,292,66,520,478,1464,418,487,1056,925,305
SZ,000001,2019-06-13 09:34:27,12.5500,3,32630.0000,26,S,12.5500,12.5400,12.5300,12.5200,12.5100,12.5600,12.5700,12.5800,12.5900,12.6000,286,76,520,478,1474,420,487,1056,925,305
SZ,000001,2019-06-13 09:34:30,12.5700,17,628033.0000,500,B,12.5600,12.5500,12.5400,12.5300,12.5200,12.5700,12.5800,12.5900,12.6000,12.6100,41,485,293,520,479,450,1056,925,305,122
SZ,000001,2019-06-13 09:34:33,12.5700,7,144395.0000,115,B,12.5600,12.5500,12.5400,12.5300,12.5200,12.5700,12.5800,12.5900,12.6000,12.6100,4,445,298,520,479,490,1056,925,305,122
SZ,000001,2019-06-13 09:34:36,12.5700,5,13822.0000,11,B,12.5600,12.5500,12.5400,12.5300,12.5200,12.5700,12.5800,12.5900,12.6000,12.6100,49,445,299,520,489,486,1056,925,305,122
SZ,000001,2019-06-13 09:34:39,12.5700,11,76628.0000,61,B,12.5600,12.5500,12.5400,12.5300,12.5200,12.5700,12.5800,12.5900,12.6000,12.6100,58,445,299,525,489,527,1056,925,305,122
SZ,000001,2019-06-13 09:34:42,12.5600,7,71592.0000,57,S,12.5600,12.5500,12.5400,12.5300,12.5200,12.5700,12.5800,12.5900,12.6000,12.6100,6,447,290,531,489,556,1056,925,305,122
SZ,000001,2019-06-13 09:34:45,12.5600,14,197064.0000,157,S,12.5500,12.5400,12.5300,12.5200,12.5100,12.5600,12.5700,12.5800,12.5900,12.6000,319,290,531,549,1274,181,569,1050,925,305
SZ,000001,2019-06-13 09:34:48,12.5500,16,471927.0000,376,S,12.5500,12.5400,12.5300,12.5200,12.5100,12.5600,12.5700,12.5800,12.5900,12.6000,2,290,555,579,1274,312,464,1050,925,305
SZ,000001,2019-06-13 09:34:51,12.5500,5,36411.0000,29,S,12.5400,12.5300,12.5200,12.5100,12.5000,12.5500,12.5600,12.5700,12.5800,12.5900,320,545,579,1274,2256,20,301,440,1050,925
SZ,000001,2019-06-13 09:34:54,12.5500,2,11295.0000,9,B,12.5400,12.5300,12.5200,12.5100,12.5000,12.5500,12.5600,12.5700,12.5800,12.5900,320,555,579,1274,2256,51,237,478,1050,925
SZ,000001,2019-06-13 09:34:57,12.5500,13,520806.0000,415,B,12.5400,12.5300,12.5200,12.5100,12.5000,12.5500,12.5600,12.5700,12.5800,12.5900,303,524,611,1354,2256,34,237,478,1050,925
SZ,000001,2019-06-13 09:35:00,12.5500,5,31376.0000,25,B,12.5400,12.5300,12.5200,12.5100,12.5000,12.5500,12.5600,12.5700,12.5800,12.5900,313,524,631,1354,2256,96,237,482,1050,925
SZ,000001,2019-06-13 09:35:03,12.5500,9,52708.0000,42,B,12.5400,12.5300,12.5200,12.5100,12.5000,12.5500,12.5600,12.5700,12.5800,12.5900,338,524,631,1354,2256,61,237,482,1050,925
SZ,000001,2019-06-13 09:35:06,12.5400,9,89050.0000,71,S,12.5400,12.5300,12.5200,12.5100,12.5000,12.5500,12.5600,12.5700,12.5800,12.5900,293,524,656,1354,2256,71,237,482,1050,920
SZ,000001,2019-06-13 09:35:09,12.5400,7,161770.0000,129,S,12.5400,12.5300,12.5200,12.5100,12.5000,12.5500,12.5600,12.5700,12.5800,12.5900,184,524,656,1364,2256,128,237,482,1050,920
SZ,000001,2019-06-13 09:35:12,12.5400,2,32610.0000,26,S,12.5400,12.5300,12.5200,12.5100,12.5000,12.5500,12.5600,12.5700,12.5800,12.5900,163,524,642,1364,2256,154,239,482,1050,920
SZ,000001,2019-06-13 09:35:15,12.5500,8,142976.0000,114,B,12.5400,12.5300,12.5200,12.5100,12.5000,12.5500,12.5600,12.5700,12.5800,12.5900,73,531,642,1364,2256,139,239,482,1050,920
SZ,000001,2019-06-13 09:35:18,12.5400,19,345950.0000,276,S,12.5300,12.5200,12.5100,12.5000,12.4900,12.5400,12.5500,12.5600,12.5700,12.5800,368,642,1364,2256,141,24,263,234,485,850
SZ,000001,2019-06-13 09:35:21,12.5400,13,262140.0000,209,B,12.5400,12.5300,12.5200,12.5100,12.5000,12.5500,12.5600,12.5700,12.5800,12.5900,27,337,642,1364,2256,169,230,485,855,921
SZ,000001,2019-06-13 09:35:24,12.5400,3,48908.0000,39,S,12.5300,12.5200,12.5100,12.5000,12.4900,12.5400,12.5500,12.5600,12.5700,12.5800,334,649,1364,2312,141,55,168,230,485,855
SZ,000001,2019-06-13 09:35:27,12.5400,13,71448.0000,57,B,12.5300,12.5200,12.5100,12.5000,12.4900,12.5500,12.5600,12.5700,12.5800,12.5900,317,699,1364,2312,141,367,122,485,855,921
SZ,000001,2019-06-13 09:35:30,12.5300,7,86504.0000,69,S,12.5300,12.5200,12.5100,12.5000,12.4900,12.5400,12.5500,12.5600,12.5700,12.5800,295,704,1359,2320,141,163,367,122,485,905
SZ,000001,2019-06-13 09:35:33,12.5400,7,169236.0000,135,B,12.5300,12.5200,12.5100,12.5000,12.4900,12.5400,12.5500,12.5600,12.5700,12.5800,261,709,1359,2321,141,93,367,122,485,905
SZ,000001,2019-06-13 09:35:36,12.5400,30,750680.0000,599,B,12.5300,12.5200,12.5100,12.5000,12.4900,12.5500,12.5600,12.5700,12.5800,12.5900,4,724,1379,2321,141,367,162,485,905,931
SZ,000001,2019-06-13 09:35:39,12.5300,7,47648.0000,38,S,12.5200,12.5100,12.5000,12.4900,12.4800,12.5400,12.5500,12.5600,12.5700,12.5800,720,1379,2311,141,445,10,367,162,485,890
SZ,000001,2019-06-13 09:35:42,12.5400,1,12540.0000,10,B,12.5400,12.5200,12.5100,12.5000,12.4900,12.5500,12.5600,12.5700,12.5800,12.5900,19,720,1381,2311,141,367,187,489,890,931
SZ,000001,2019-06-13 09:35:45,12.5300,11,87760.0000,70,S,12.5300,12.5200,12.5100,12.5000,12.4900,12.5400,12.5500,12.5600,12.5700,12.5800,11,720,1421,2337,141,46,368,187,489,890
SZ,000001,2019-06-13 09:35:48,12.5400,10,70220.0000,56,B,12.5400,12.5300,12.5200,12.5100,12.5000,12.5500,12.5600,12.5700,12.5800,12.5900,54,28,728,1421,2337,368,187,489,890,931
SZ,000001,2019-06-13 09:35:51,12.5300,6,94040.0000,75,S,12.5300,12.5200,12.5100,12.5000,12.4900,12.5400,12.5500,12.5600,12.5700,12.5800,17,788,1426,2337,141,121,370,187,489,890
SZ,000001,2019-06-13 09:35:54,12.5300,3,3760.0000,3,S,12.5300,12.5200,12.5100,12.5000,12.4900,12.5400,12.5500,12.5600,12.5700,12.5800,65,788,1426,2327,141,132,369,217,489,890
SZ,000001,2019-06-13 09:35:57,12.5300,6,20048.0000,16,S,12.5300,12.5200,12.5100,12.5000,12.4900,12.5400,12.5500,12.5600,12.5700,12.5800,73,788,1426,2338,141,155,420,217,489,890
SZ,000001,2019-06-13 09:36:00,12.5300,8,120320.0000,96,S,12.5300,12.5200,12.5100,12.5000,12.4900,12.5400,12.5500,12.5600,12.5700,12.5800,46,790,1431,2338,141,144,420,217,489,890
SZ,000001,2019-06-13 09:36:03,12.5400,11,40110.0000,32,B,12.5300,12.5200,12.5100,12.5000,12.4900,12.5400,12.5500,12.5600,12.5700,12.5800,42,803,1420,2338,141,129,220,217,489,890
SZ,000001,2019-06-13 09:36:06,12.5200,8,68902.0000,55,S,12.5200,12.5100,12.5000,12.4900,12.4800,12.5300,12.5400,12.5500,12.5600,12.5700,791,1420,2343,141,535,148,129,220,217,489
SZ,000001,2019-06-13 09:36:09,12.5300,3,36338.0000,29,B,12.5200,12.5100,12.5000,12.4900,12.4800,12.5300,12.5400,12.5500,12.5600,12.5700,801,1420,2353,151,535,133,121,220,217,484
SZ,000001,2019-06-13 09:36:15,12.5200,8,87690.0000,70,S,12.5200,12.5100,12.5000,12.4900,12.4800,12.5300,12.5400,12.5500,12.5600,12.5700,750,1420,2365,151,535,138,89,220,217,484
SZ,000001,2019-06-13 09:36:18,12.5200,20,821824.0000,656,S,12.5200,12.5100,12.5000,12.4900,12.4800,12.5400,12.5500,12.5600,12.5700,12.5800,600,1420,2365,151,535,93,220,217,484,885
SZ,000001,2019-06-13 09:36:21,12.5300,4,13786.0000,11,B,12.5300,12.5200,12.5100,12.5000,12.4900,12.5400,12.5500,12.5600,12.5700,12.5800,12,641,1420,2365,151,91,218,217,484,885
SZ,000001,2019-06-13 09:36:24,12.5400,9,38844.0000,31,B,12.5300,12.5200,12.5100,12.5000,12.4900,12.5400,12.5500,12.5600,12.5700,12.5800,5,610,1420,2365,151,90,218,217,473,885
SZ,000001,2019-06-13 09:36:27,12.5200,3,7518.0000,6,S,12.5200,12.5100,12.5000,12.4900,12.4800,12.5400,12.5500,12.5600,12.5700,12.5800,619,1402,2387,151,540,91,218,217,473,885
SZ,000001,2019-06-13 09:36:30,12.5400,1,8776.0000,7,B,12.5300,12.5200,12.5100,12.5000,12.4900,12.5400,12.5500,12.5600,12.5700,12.5800,34,619,1402,2392,151,584,218,217,473,885
SZ,000001,2019-06-13 09:36:33,12.5400,11,145456.0000,116,B,12.5300,12.5200,12.5100,12.5000,12.4900,12.5400,12.5500,12.5600,12.5700,12.5800,24,619,1402,2392,161,678,218,217,473,885
SZ,000001,2019-06-13 09:36:39,12.5300,2,30072.0000,24,S,12.5200,12.5100,12.5000,12.4900,12.4800,12.5300,12.5400,12.5500,12.5600,12.5700,627,1402,2406,183,540,15,679,218,217,473
SZ,000001,2019-06-13 09:36:42,12.5300,3,21300.0000,17,B,12.5300,12.5200,12.5100,12.5000,12.4900,12.5400,12.5500,12.5600,12.5700,12.5800,126,637,1402,2406,183,682,218,217,473,890
SZ,000001,2019-06-13 09:36:45,12.5300,9,189244.0000,151,S,12.5300,12.5200,12.5100,12.5000,12.4900,12.5400,12.5500,12.5600,12.5700,12.5800,27,708,1403,2406,181,642,243,217,473,890
SZ,000001,2019-06-13 09:36:48,12.5300,1,3758.0000,3,S,12.5300,12.5200,12.5100,12.5000,12.4900,12.5400,12.5500,12.5600,12.5700,12.5800,41,722,1323,2411,181,656,243,217,453,870
SZ,000001,2019-06-13 09:36:51,12.5300,1,12530.0000,10,S,12.5300,12.5200,12.5100,12.5000,12.4900,12.5400,12.5500,12.5600,12.5700,12.5800,563,744,1328,2408,181,457,243,217,453,870
SZ,000001,2019-06-13 09:36:57,12.5300,12,367300.0000,293,S,12.5300,12.5200,12.5100,12.5000,12.4900,12.5400,12.5500,12.5600,12.5700,12.5800,504,923,1331,2414,181,285,243,217,455,870
SZ,000001,2019-06-13 09:37:00,12.5400,6,196788.0000,157,B,12.5300,12.5200,12.5100,12.5000,12.4900,12.5400,12.5500,12.5600,12.5700,12.5800,416,923,1331,2414,271,219,243,217,455,870
SZ,000001,2019-06-13 09:37:03,12.5400,2,27588.0000,22,B,12.5300,12.5200,12.5100,12.5000,12.4900,12.5400,12.5500,12.5600,12.5700,12.5800,419,934,1331,2414,271,198,243,237,505,870
SZ,000001,2019-06-13 09:37:06,12.5400,11,254556.0000,203,B,12.5400,12.5300,12.5200,12.5100,12.5000,12.5500,12.5600,12.5700,12.5800,12.5900,15,414,934,1336,2440,243,237,505,875,857
SZ,000001,2019-06-13 09:37:12,12.5400,3,31370.0000,25,S,12.5400,12.5300,12.5200,12.5100,12.5000,12.5500,12.5600,12.5700,12.5800,12.5900,72,763,935,1411,2433,229,207,505,1095,857
SZ,000001,2019-06-13 09:37:15,12.5500,6,57714.0000,46,B,12.5400,12.5300,12.5200,12.5100,12.5000,12.5500,12.5600,12.5700,12.5800,12.5900,100,763,935,1411,2433,201,207,504,1075,857
SZ,000001,2019-06-13 09:37:18,12.5400,1,3760.0000,3,S,12.5400,12.5300,12.5200,12.5100,12.5000,12.5500,12.5600,12.5700,12.5800,12.5900,104,771,945,1471,2447,201,207,504,1065,857
SZ,000001,2019-06-13 09:37:21,12.5400,2,11290.0000,9,S,12.5400,12.5300,12.5200,12.5100,12.5000,12.5500,12.5600,12.5700,12.5800,12.5900,615,770,946,1471,2448,198,207,549,1065,857
SZ,000001,2019-06-13 09:37:24,12.5500,24,1051074.0000,838,B,12.5500,12.5400,12.5300,12.5200,12.5100,12.5600,12.5700,12.5800,12.5900,12.6000,39,21,780,944,1471,227,549,1065,857,321
SZ,000001,2019-06-13 09:37:27,12.5500,3,45192.0000,36,S,12.5500,12.5400,12.5300,12.5200,12.5100,12.5600,12.5700,12.5800,12.5900,12.6000,49,28,780,942,1470,216,549,1065,907,321
SZ,000001,2019-06-13 09:37:30,12.5500,5,38906.0000,31,S,12.5500,12.5400,12.5300,12.5200,12.5100,12.5600,12.5700,12.5800,12.5900,12.6000,30,28,780,945,1470,216,549,1065,907,321
SZ,000001,2019-06-13 09:37:33,12.5400,10,57730.0000,46,S,12.5400,12.5300,12.5200,12.5100,12.5000,12.5500,12.5600,12.5700,12.5800,12.5900,29,791,965,1476,2463,7,242,549,1065,907
SZ,000001,2019-06-13 09:37:36,12.5600,12,69056.0000,55,B,12.5500,12.5400,12.5300,12.5200,12.5100,12.5600,12.5700,12.5800,12.5900,12.6000,26,39,791,965,1476,210,600,1045,907,321
SZ,000001,2019-06-13 09:37:39,12.5600,3,5020.0000,4,B,12.5500,12.5400,12.5300,12.5200,12.5100,12.5600,12.5700,12.5800,12.5900,12.6000,28,39,791,952,1476,229,600,1045,907,321
SZ,000001,2019-06-13 09:37:42,12.5600,3,20096.0000,16,B,12.5500,12.5400,12.5300,12.5200,12.5100,12.5600,12.5700,12.5800,12.5900,12.6000,58,84,791,942,1498,213,600,1045,907,321
SZ,000001,2019-06-13 09:37:45,12.5500,1,1256.0000,1,S,12.5500,12.5400,12.5300,12.5200,12.5100,12.5600,12.5700,12.5800,12.5900,12.6000,77,84,789,958,1498,214,600,1045,907,321
SZ,000001,2019-06-13 09:37:48,12.5600,13,222304.0000,177,B,12.5500,12.5400,12.5300,12.5200,12.5100,12.5600,12.5700,12.5800,12.5900,12.6000,69,134,789,958,1498,45,620,1045,907,321
SZ,000001,2019-06-13 09:37:51,12.5500,3,30132.0000,24,S,12.5500,12.5400,12.5300,12.5200,12.5100,12.5600,12.5700,12.5800,12.5900,12.6000,117,126,802,968,1498,61,620,1045,904,321
SZ,000001,2019-06-13 09:37:54,12.5600,8,74102.0000,59,B,12.5500,12.5400,12.5300,12.5200,12.5100,12.5600,12.5700,12.5800,12.5900,12.6000,137,126,802,968,1498,5,620,1045,904,321
SZ,000001,2019-06-13 09:37:57,12.5600,17,75342.0000,60,B,12.5500,12.5400,12.5300,12.5200,12.5100,12.5600,12.5700,12.5800,12.5900,12.6000,132,126,842,968,1498,13,620,1045,904,321
SZ,000001,2019-06-13 09:38:00,12.5600,9,94168.0000,75,B,12.5600,12.5500,12.5400,12.5300,12.5200,12.5700,12.5800,12.5900,12.6000,12.6100,17,106,126,842,968,620,845,904,321,109
SZ,000001,2019-06-13 09:38:03,12.5700,12,61550.0000,49,B,12.5600,12.5500,12.5400,12.5300,12.5200,12.5700,12.5800,12.5900,12.6000,12.6100,60,115,158,847,968,625,847,904,321,109
SZ,000001,2019-06-13 09:38:06,12.5600,1,5024.0000,4,S,12.5600,12.5500,12.5400,12.5300,12.5200,12.5700,12.5800,12.5900,12.6000,12.6100,79,115,158,847,968,655,847,904,321,109
SZ,000001,2019-06-13 09:38:09,12.5600,15,199778.0000,159,S,12.5600,12.5500,12.5400,12.5300,12.5200,12.5700,12.5800,12.5900,12.6000,12.6100,18,115,159,847,958,581,847,904,351,109
SZ,000001,2019-06-13 09:38:12,12.5700,7,61568.0000,49,B,12.5500,12.5400,12.5300,12.5200,12.5100,12.5700,12.5800,12.5900,12.6000,12.6100,113,761,847,898,1488,590,847,904,351,109
SZ,000001,2019-06-13 09:38:15,12.5600,3,42736.0000,34,S,12.5500,12.5400,12.5300,12.5200,12.5100,12.5600,12.5700,12.5800,12.5900,12.6000,113,761,897,898,1488,323,760,847,904,351
SZ,000001,2019-06-13 09:38:18,12.5500,5,32652.0000,26,S,12.5500,12.5400,12.5300,12.5200,12.5100,12.5600,12.5700,12.5800,12.5900,12.6000,109,761,897,884,1488,301,790,847,904,351
SZ,000001,2019-06-13 09:38:21,12.5600,8,92940.0000,74,B,12.5500,12.5400,12.5300,12.5200,12.5100,12.5600,12.5700,12.5800,12.5900,12.6000,139,737,897,884,1488,263,790,847,904,341
SZ,000001,2019-06-13 09:38:24,12.5600,1,2512.0000,2,B,12.5500,12.5400,12.5300,12.5200,12.5100,12.5600,12.5700,12.5800,12.5900,12.6000,139,737,897,884,1488,261,790,847,904,349
SZ,000001,2019-06-13 09:38:27,12.5500,3,18828.0000,15,S,12.5500,12.5400,12.5300,12.5200,12.5100,12.5600,12.5700,12.5800,12.5900,12.6000,141,737,897,887,1488,258,790,847,904,349
SZ,000001,2019-06-13 09:38:30,12.5600,13,114232.0000,91,B,12.5500,12.5400,12.5300,12.5200,12.5100,12.5600,12.5700,12.5800,12.5900,12.6000,155,742,987,887,1498,231,800,852,904,349
SZ,000001,2019-06-13 09:38:33,12.5600,8,99216.0000,79,B,12.5500,12.5400,12.5300,12.5200,12.5100,12.5600,12.5700,12.5800,12.5900,12.6000,219,742,987,887,1505,167,800,852,904,349
SZ,000001,2019-06-13 09:38:36,12.5600,10,234868.0000,187,B,12.5600,12.5500,12.5400,12.5300,12.5200,12.5700,12.5800,12.5900,12.6000,12.6100,69,223,692,987,887,800,852,904,349,109
SZ,000001,2019-06-13 09:38:39,12.5600,16,149458.0000,119,S,12.5600,12.5500,12.5400,12.5300,12.5200,12.5700,12.5800,12.5900,12.6000,12.6100,4,223,684,986,887,800,852,904,349,109
SZ,000001,2019-06-13 09:38:42,12.5700,13,76634.0000,61,B,12.5500,12.5400,12.5300,12.5200,12.5100,12.5700,12.5800,12.5900,12.6000,12.6100,228,684,986,904,1510,778,852,904,345,109
SZ,000001,2019-06-13 09:38:48,12.5600,8,23860.0000,19,B,12.5600,12.5500,12.5400,12.5300,12.5200,12.5700,12.5800,12.5900,12.6000,12.6100,1,175,714,986,899,800,852,904,345,109
SZ,000001,2019-06-13 09:38:51,12.5500,21,102912.0000,82,S,12.5500,12.5400,12.5300,12.5200,12.5100,12.5600,12.5700,12.5800,12.5900,12.6000,97,719,986,899,1510,16,817,852,904,345
SZ,000001,2019-06-13 09:38:54,12.5600,19,179552.0000,143,B,12.5500,12.5400,12.5300,12.5200,12.5100,12.5700,12.5800,12.5900,12.6000,12.6100,76,719,986,899,1510,814,852,904,345,109
SZ,000001,2019-06-13 09:38:57,12.5600,11,40168.0000,32,B,12.5500,12.5400,12.5300,12.5200,12.5100,12.5600,12.5700,12.5800,12.5900,12.6000,63,724,986,889,1510,3,676,852,904,345
SZ,000001,2019-06-13 09:39:00,12.5500,19,133068.0000,106,S,12.5400,12.5300,12.5200,12.5100,12.5000,12.5500,12.5700,12.5800,12.5900,12.6000,704,986,889,1510,2563,27,700,852,904,345
SZ,000001,2019-06-13 09:39:03,12.5400,34,284684.0000,227,S,12.5400,12.5300,12.5200,12.5100,12.5000,12.5500,12.5600,12.5700,12.5800,12.5900,510,986,887,1610,2563,21,22,685,852,904
SZ,000001,2019-06-13 09:39:06,12.5500,24,914072.0000,729,B,12.5300,12.5200,12.5100,12.5000,12.4900,12.5400,12.5600,12.5700,12.5800,12.5900,829,882,1610,2563,158,22,22,685,852,904
SZ,000001,2019-06-13 09:39:09,12.5400,15,370948.0000,296,B,12.5300,12.5200,12.5100,12.5000,12.4900,12.5400,12.5500,12.5600,12.5700,12.5800,970,882,1620,2563,158,26,30,306,685,852
SZ,000001,2019-06-13 09:39:12,12.5400,10,275666.0000,220,B,12.5300,12.5200,12.5100,12.5000,12.4900,12.5400,12.5500,12.5600,12.5700,12.5800,766,882,1620,2571,158,21,30,307,685,852
SZ,000001,2019-06-13 09:39:15,12.5400,31,477430.0000,381,B,12.5400,12.5300,12.5200,12.5100,12.5000,12.5500,12.5600,12.5700,12.5800,12.5900,26,508,879,1640,2571,141,307,685,852,904
SZ,000001,2019-06-13 09:39:18,12.5400,28,601516.0000,480,S,12.5300,12.5200,12.5100,12.5000,12.4900,12.5400,12.5500,12.5600,12.5700,12.5800,90,877,1540,2571,158,52,141,347,735,852
SZ,000001,2019-06-13 09:39:21,12.5200,40,733784.0000,586,S,12.5200,12.5100,12.5000,12.4900,12.4800,12.5300,12.5400,12.5500,12.5600,12.5700,416,1514,2566,158,640,284,51,144,347,735
SZ,000001,2019-06-13 09:39:24,12.5100,44,819832.0000,655,S,12.5300,12.5100,12.5000,12.4900,12.4800,12.5400,12.5500,12.5600,12.5700,12.5800,6,1285,2567,158,640,52,144,347,755,852
SZ,000001,2019-06-13 09:39:27,12.5200,22,715660.0000,572,S,12.5100,12.5000,12.4900,12.4800,12.4700,12.5200,12.5300,12.5400,12.5500,12.5600,804,2567,158,640,520,287,94,52,144,347
SZ,000001,2019-06-13 09:39:30,12.5000,62,1518310.0000,1214,S,12.5000,12.4900,12.4800,12.4700,12.4600,12.5100,12.5200,12.5300,12.5400,12.5500,2163,158,640,519,416,55,287,4,57,144
SZ,000001,2019-06-13 09:39:33,12.5100,15,1057506.0000,846,B,12.5000,12.4900,12.4800,12.4700,12.4600,12.5100,12.5200,12.5300,12.5400,12.5500,1341,158,640,519,416,23,287,4,57,144
SZ,000001,2019-06-13 09:39:36,12.5000,52,1168836.0000,935,S,12.5000,12.4900,12.4800,12.4700,12.4600,12.5200,12.5300,12.5400,12.5500,12.5600,462,158,640,519,416,269,4,54,144,347
SZ,000001,2019-06-13 09:39:39,12.5000,93,1291720.0000,1034,S,12.4800,12.4700,12.4600,12.4500,12.4400,12.5000,12.5100,12.5200,12.5300,12.5400,308,479,416,1515,649,195,39,272,4,54
SZ,000001,2019-06-13 09:39:42,12.5000,11,283656.0000,227,B,12.4900,12.4800,12.4700,12.4600,12.4500,12.5000,12.5100,12.5200,12.5300,12.5400,2,261,479,413,1515,39,39,272,4,54
SZ,000001,2019-06-13 09:39:45,12.5000,10,138536.0000,111,B,12.4800,12.4700,12.4600,12.4500,12.4400,12.5000,12.5100,12.5200,12.5300,12.5400,165,479,413,1515,649,41,39,272,4,54
SZ,000001,2019-06-13 09:39:48,12.4900,12,190964.0000,153,S,12.4800,12.4700,12.4600,12.4500,12.4400,12.4900,12.5000,12.5100,12.5200,12.5300,31,479,413,1515,649,21,426,39,272,4
SZ,000001,2019-06-13 09:39:51,12.4800,8,160924.0000,129,S,12.4700,12.4600,12.4500,12.4400,12.4300,12.4800,12.4900,12.5000,12.5200,12.5300,410,423,1515,649,764,11,36,426,272,4
SZ,000001,2019-06-13 09:39:54,12.4900,9,219608.0000,176,B,12.4900,12.4800,12.4700,12.4600,12.4500,12.5000,12.5200,12.5300,12.5400,12.5500,5,50,312,423,1510,407,272,4,28,111
SZ,000001,2019-06-13 09:39:57,12.4800,4,49924.0000,40,S,12.4800,12.4700,12.4600,12.4500,12.4400,12.4900,12.5000,12.5200,12.5300,12.5400,58,318,466,1510,649,4,407,272,4,28
SZ,000001,2019-06-13 09:40:00,12.5000,10,59944.0000,48,B,12.4800,12.4700,12.4600,12.4500,12.4400,12.5000,12.5200,12.5300,12.5400,12.5500,83,318,466,1521,654,795,272,4,28,111
SZ,000001,2019-06-13 09:40:03,12.5000,8,53960.0000,43,B,12.4900,12.4800,12.4700,12.4600,12.4500,12.5000,12.5200,12.5300,12.5400,12.5500,150,686,338,506,1521,772,272,4,28,111
SZ,000001,2019-06-13 09:40:06,12.4900,12,193596.0000,155,S,12.4900,12.4800,12.4700,12.4600,12.4500,12.5000,12.5200,12.5300,12.5400,12.5500,31,1514,340,506,1521,771,272,4,28,311
SZ,000001,2019-06-13 09:40:09,12.5000,9,482480.0000,386,B,12.4900,12.4800,12.4700,12.4600,12.4500,12.5000,12.5200,12.5300,12.5400,12.5500,11,1519,340,506,1537,1178,272,4,48,311
SZ,000001,2019-06-13 09:40:12,12.4900,14,639868.0000,512,S,12.4800,12.4700,12.4600,12.4500,12.4400,12.4900,12.5000,12.5200,12.5300,12.5400,1523,340,506,1667,654,10,818,272,4,48
SZ,000001,2019-06-13 09:40:15,12.4900,17,206084.0000,165,B,12.4900,12.4800,12.4700,12.4600,12.4500,12.5000,12.5200,12.5300,12.5400,12.5500,52,1614,337,506,1667,973,272,4,48,311
SZ,000001,2019-06-13 09:40:18,12.5000,25,796460.0000,638,B,12.4800,12.4700,12.4600,12.4500,12.4400,12.5000,12.5200,12.5300,12.5400,12.5500,5448,327,510,1669,654,938,272,84,48,311
SZ,000001,2019-06-13 09:40:21,12.5000,14,98696.0000,79,B,12.4900,12.4800,12.4700,12.4600,12.4500,12.5000,12.5200,12.5300,12.5400,12.5500,10,5495,327,526,1671,919,272,84,48,211
SZ,000001,2019-06-13 09:40:24,12.4900,10,72440.0000,58,S,12.4800,12.4700,12.4600,12.4500,12.4400,12.4900,12.5000,12.5200,12.5300,12.5400,5500,330,526,1671,654,351,919,272,102,48
SZ,000001,2019-06-13 09:40:27,12.5000,11,467136.0000,374,B,12.4900,12.4800,12.4700,12.4600,12.4500,12.5000,12.5200,12.5300,12.5400,12.5500,323,5502,330,551,1681,894,282,102,48,211
SZ,000001,2019-06-13 09:40:30,12.4900,6,78720.0000,63,S,12.4900,12.4800,12.4700,12.4600,12.4500,12.5000,12.5200,12.5300,12.5400,12.5500,645,5502,324,551,1684,863,282,102,48,211
SZ,000001,2019-06-13 09:40:33,12.4900,8,162392.0000,130,S,12.4900,12.4800,12.4700,12.4600,12.4500,12.5000,12.5200,12.5300,12.5400,12.5500,1243,5503,324,551,1684,1339,282,102,48,215
SZ,000001,2019-06-13 09:40:36,12.5000,17,1728752.0000,1383,B,12.5000,12.4900,12.4800,12.4700,12.4600,12.5200,12.5300,12.5400,12.5500,12.5600,57,1301,5503,324,551,281,102,48,215,219
SZ,000001,2019-06-13 09:40:39,12.5000,7,341788.0000,273,S,12.5000,12.4900,12.4800,12.4700,12.4600,12.5200,12.5300,12.5400,12.5500,12.5600,150,1337,4623,324,551,10,102,48,215,219
SZ,000001,2019-06-13 09:40:42,12.5000,2,6256.0000,5,S,12.5000,12.4900,12.4800,12.4700,12.4600,12.5200,12.5300,12.5400,12.5500,12.5600,151,1342,4620,324,554,7,102,48,221,219
SZ,000001,2019-06-13 09:40:45,12.5200,3,13772.0000,11,B,12.5200,12.5100,12.5000,12.4900,12.4800,12.5300,12.5400,12.5500,12.5600,12.5700,18,3,198,1342,4620,102,48,221,219,716
SZ,000001,2019-06-13 09:40:48,12.5200,3,12520.0000,10,S,12.5200,12.5100,12.5000,12.4900,12.4800,12.5300,12.5400,12.5500,12.5600,12.5700,46,3,329,1418,4726,102,48,221,219,716
SZ,000001,2019-06-13 09:40:51,12.5300,1,1252.0000,1,B,12.5200,12.5100,12.5000,12.4900,12.4800,12.5300,12.5400,12.5500,12.5600,12.5700,65,3,356,1419,4726,101,48,221,239,716
SZ,000001,2019-06-13 09:40:54,12.5200,11,63868.0000,51,S,12.5200,12.5100,12.5000,12.4900,12.4800,12.5300,12.5400,12.5500,12.5600,12.5700,81,3,394,1426,4807,84,48,221,239,716
SZ,000001,2019-06-13 09:40:57,12.5300,5,53856.0000,43,B,12.5200,12.5100,12.5000,12.4900,12.4800,12.5300,12.5400,12.5500,12.5600,12.5700,62,3,398,1427,4801,65,48,221,239,716
SZ,000001,2019-06-13 09:41:00,12.5300,6,78884.0000,63,B,12.5200,12.5100,12.5000,12.4900,12.4800,12.5300,12.5400,12.5500,12.5600,12.5700,9,12,397,1430,4800,58,48,221,239,746
SZ,000001,2019-06-13 09:41:03,12.5000,8,40036.0000,32,S,12.5000,12.4900,12.4800,12.4700,12.4600,12.5200,12.5300,12.5400,12.5500,12.5600,394,1430,4801,328,613,90,58,48,221,239
SZ,000001,2019-06-13 09:41:06,12.5200,5,28792.0000,23,B,12.5000,12.4900,12.4800,12.4700,12.4600,12.5200,12.5300,12.5400,12.5500,12.5600,536,1425,4801,328,613,69,63,88,221,239
SZ,000001,2019-06-13 09:41:09,12.5200,3,32536.0000,26,B,12.5000,12.4900,12.4800,12.4700,12.4600,12.5200,12.5300,12.5400,12.5500,12.5600,656,1455,4820,328,613,51,63,88,223,239
SZ,000001,2019-06-13 09:41:12,12.5000,3,50000.0000,40,S,12.5000,12.4900,12.4800,12.4700,12.4600,12.5200,12.5300,12.5400,12.5500,12.5600,617,1446,565,328,613,51,63,108,223,339
SZ,000001,2019-06-13 09:41:15,12.5000,3,28752.0000,23,S,12.5100,12.5000,12.4900,12.4800,12.4700,12.5200,12.5300,12.5400,12.5500,12.5600,55,622,1446,593,328,51,63,108,223,339
SZ,000001,2019-06-13 09:41:18,12.5200,10,107636.0000,86,B,12.5200,12.5100,12.5000,12.4900,12.4800,12.5300,12.5400,12.5500,12.5600,12.5700,92,39,604,1477,593,63,108,223,339,678
SZ,000001,2019-06-13 09:41:21,12.5100,5,152716.0000,122,S,12.5100,12.5000,12.4900,12.4800,12.4700,12.5200,12.5300,12.5400,12.5500,12.5600,10,604,1477,593,328,1,63,108,223,339
SZ,000001,2019-06-13 09:41:27,12.5100,19,185048.0000,148,B,12.5000,12.4900,12.4800,12.4700,12.4600,12.5100,12.5200,12.5300,12.5400,12.5500,546,1477,602,338,615,218,7,63,128,223
SZ,000001,2019-06-13 09:41:30,12.5000,2,51248.0000,41,S,12.5000,12.4900,12.4800,12.4700,12.4600,12.5100,12.5200,12.5300,12.5400,12.5500,516,1477,602,338,615,218,17,63,128,223
SZ,000001,2019-06-13 09:41:33,12.5000,8,131256.0000,105,S,12.5000,12.4900,12.4800,12.4700,12.4600,12.5100,12.5200,12.5300,12.5400,12.5500,436,1477,602,358,611,214,47,63,128,223
SZ,000001,2019-06-13 09:41:36,12.5000,31,573748.0000,459,S,12.4900,12.4800,12.4700,12.4600,12.4500,12.5000,12.5100,12.5200,12.5300,12.5400,1467,602,366,581,1806,72,214,41,63,127
SZ,000001,2019-06-13 09:41:39,12.5000,25,1462644.0000,1171,B,12.4900,12.4800,12.4700,12.4600,12.4500,12.5000,12.5100,12.5200,12.5300,12.5400,362,599,364,581,1886,153,214,41,63,127
SZ,000001,2019-06-13 09:41:42,12.5000,16,219848.0000,176,B,12.4900,12.4800,12.4700,12.4600,12.4500,12.5000,12.5100,12.5200,12.5300,12.5400,206,609,366,581,1888,130,214,41,63,127
SZ,000001,2019-06-13 09:41:45,12.4900,9,87440.0000,70,S,12.4900,12.4800,12.4700,12.4600,12.4500,12.5000,12.5100,12.5200,12.5300,12.5400,156,609,366,591,1888,175,214,41,63,127
SZ,000001,2019-06-13 09:41:48,12.4900,7,46232.0000,37,S,12.4900,12.4800,12.4700,12.4600,12.4500,12.5000,12.5100,12.5200,12.5300,12.5400,136,609,371,591,1888,183,214,41,63,127
SZ,000001,2019-06-13 09:41:51,12.5000,5,22496.0000,18,B,12.4900,12.4800,12.4700,12.4600,12.4500,12.5000,12.5100,12.5200,12.5300,12.5400,136,619,371,591,1883,165,214,41,63,127
SZ,000001,2019-06-13 09:41:54,12.5100,13,546512.0000,437,B,12.5100,12.5000,12.4900,12.4800,12.4700,12.5200,12.5300,12.5400,12.5500,12.5600,3828,1,139,619,371,41,63,127,267,306
SZ,000001,2019-06-13 09:41:57,12.5100,2,42536.0000,34,S,12.5100,12.5000,12.4900,12.4800,12.4700,12.5200,12.5300,12.5400,12.5500,12.5600,3813,1,139,629,371,41,63,127,270,306
SZ,000001,2019-06-13 09:42:00,12.5100,9,409104.0000,327,S,12.5100,12.5000,12.4900,12.4800,12.4700,12.5200,12.5300,12.5400,12.5500,12.5600,3513,11,180,638,371,29,63,117,270,306
SZ,000001,2019-06-13 09:42:03,12.5200,7,88840.0000,71,B,12.5100,12.5000,12.4900,12.4800,12.4700,12.5200,12.5300,12.5400,12.5500,12.5600,3489,21,180,648,371,10,63,117,270,276
SZ,000001,2019-06-13 09:42:06,12.5100,1,7504.0000,6,S,12.5100,12.5000,12.4900,12.4800,12.4700,12.5200,12.5300,12.5400,12.5500,12.5600,3486,44,181,648,371,10,63,122,270,276
SZ,000001,2019-06-13 09:42:09,12.5100,5,425412.0000,340,S,12.5100,12.5000,12.4900,12.4800,12.4700,12.5300,12.5400,12.5500,12.5600,12.5700,3186,44,181,647,371,33,122,307,276,698
SZ,000001,2019-06-13 09:42:12,12.5200,6,50088.0000,40,B,12.5200,12.5100,12.5000,12.4900,12.4800,12.5300,12.5400,12.5500,12.5600,12.5700,22,3172,54,181,652,18,122,307,326,698
SZ,000001,2019-06-13 09:42:15,12.5300,14,135180.0000,108,B,12.5100,12.5000,12.4900,12.4800,12.4700,12.5300,12.5400,12.5500,12.5600,12.5700,3116,67,180,658,372,15,102,307,326,657
SZ,000001,2019-06-13 09:42:18,12.5300,5,26316.0000,21,B,12.5200,12.5100,12.5000,12.4900,12.4800,12.5300,12.5400,12.5500,12.5600,12.5700,1120,3130,67,180,658,24,102,307,426,657
SZ,000001,2019-06-13 09:42:21,12.5200,2,626000.0000,500,S,12.5200,12.5100,12.5000,12.4900,12.4800,12.5300,12.5400,12.5500,12.5600,12.5700,634,3115,74,181,658,24,102,307,426,657
SZ,000001,2019-06-13 09:42:24,12.5300,5,30072.0000,24,B,12.5300,12.5200,12.5100,12.5000,12.4900,12.5400,12.5500,12.5600,12.5700,12.5800,22,635,3115,88,186,102,327,426,657,752
SZ,000001,2019-06-13 09:42:27,12.5200,7,65140.0000,52,S,12.5200,12.5100,12.5000,12.4900,12.4800,12.5300,12.5400,12.5500,12.5600,12.5700,1121,3123,100,184,658,203,102,337,426,657
SZ,000001,2019-06-13 09:42:30,12.5300,7,65156.0000,52,B,12.5200,12.5100,12.5000,12.4900,12.4800,12.5300,12.5400,12.5500,12.5600,12.5700,1127,3115,100,184,658,77,102,337,453,657
SZ,000001,2019-06-13 09:42:33,12.5300,8,98956.0000,79,B,12.5200,12.5100,12.5000,12.4900,12.4800,12.5300,12.5400,12.5500,12.5600,12.5700,1096,3115,101,184,577,50,102,337,453,657
SZ,000001,2019-06-13 09:42:36,12.5200,7,263076.0000,210,S,12.5200,12.5100,12.5000,12.4900,12.4800,12.5400,12.5500,12.5600,12.5700,12.5800,1052,3118,114,204,577,102,337,453,657,755
SZ,000001,2019-06-13 09:42:39,12.5200,4,63852.0000,51,S,12.5200,12.5100,12.5000,12.4900,12.4800,12.5400,12.5500,12.5600,12.5700,12.5800,1003,3118,104,204,571,107,337,453,657,755
SZ,000001,2019-06-13 09:42:42,12.5300,1,1256.0000,1,B,12.5200,12.5100,12.5000,12.4900,12.4800,12.5300,12.5400,12.5500,12.5600,12.5700,1003,3118,154,204,571,1,207,337,453,657
SZ,000001,2019-06-13 09:42:45,12.5400,9,75240.0000,60,B,12.5300,12.5200,12.5100,12.5000,12.4900,12.5400,12.5500,12.5600,12.5700,12.5800,2,1003,3124,145,204,148,367,453,657,755
SZ,000001,2019-06-13 09:42:54,12.5300,3,3756.0000,3,S,12.5200,12.5100,12.5000,12.4900,12.4800,12.5400,12.5500,12.5600,12.5700,12.5800,1048,3126,146,224,571,150,497,453,657,758
SZ,000001,2019-06-13 09:42:57,12.5200,7,42632.0000,34,S,12.5200,12.5100,12.5000,12.4900,12.4800,12.5400,12.5500,12.5600,12.5700,12.5800,1053,3120,146,224,571,119,497,453,657,758
SZ,000001,2019-06-13 09:43:00,12.5300,5,41368.0000,33,B,12.5200,12.5100,12.5000,12.4900,12.4800,12.5300,12.5400,12.5500,12.5600,12.5700,1074,3119,154,224,571,627,104,497,453,657
SZ,000001,2019-06-13 09:43:03,12.5300,9,673580.0000,538,B,12.5200,12.5100,12.5000,12.4900,12.4800,12.5300,12.5400,12.5500,12.5600,12.5700,542,3119,154,224,571,622,104,499,453,657
SZ,000001,2019-06-13 09:43:06,12.5300,5,22556.0000,18,B,12.5200,12.5100,12.5000,12.4900,12.4800,12.5300,12.5400,12.5500,12.5600,12.5700,542,3119,154,225,571,606,102,499,453,657
SZ,000001,2019-06-13 09:43:09,12.5300,3,57636.0000,46,B,12.5200,12.5100,12.5000,12.4900,12.4800,12.5300,12.5400,12.5500,12.5600,12.5700,569,3093,154,225,571,560,102,499,453,657
SZ,000001,2019-06-13 09:43:12,12.5200,3,136476.0000,109,S,12.5200,12.5100,12.5000,12.4900,12.4800,12.5300,12.5400,12.5500,12.5600,12.5700,466,3093,164,225,571,560,102,499,353,657
SZ,000001,2019-06-13 09:43:15,12.5300,3,512468.0000,409,B,12.5200,12.5100,12.5000,12.4900,12.4800,12.5300,12.5400,12.5500,12.5600,12.5700,458,3093,164,225,571,175,102,499,353,657
SZ,000001,2019-06-13 09:43:18,12.5300,7,50120.0000,40,B,12.5200,12.5100,12.5000,12.4900,12.4800,12.5300,12.5400,12.5500,12.5600,12.5700,458,3093,164,225,571,283,102,499,353,657
SZ,000001,2019-06-13 09:43:21,12.5200,3,8768.0000,7,S,12.5200,12.5100,12.5000,12.4900,12.4800,12.5300,12.5400,12.5500,12.5600,12.5700,456,3100,164,225,571,278,102,499,353,657
SZ,000001,2019-06-13 09:43:24,12.5200,9,273136.0000,218,S,12.5200,12.5100,12.5000,12.4900,12.4800,12.5300,12.5400,12.5500,12.5600,12.5700,438,3100,163,225,569,78,102,499,353,757
SZ,000001,2019-06-13 09:43:27,12.5200,1,1252.0000,1,S,12.5200,12.5100,12.5000,12.4900,12.4800,12.5300,12.5400,12.5500,12.5600,12.5700,513,3100,163,225,569,85,102,499,353,757
SZ,000001,2019-06-13 09:43:30,12.5200,9,330556.0000,264,S,12.5200,12.5100,12.5000,12.4900,12.4800,12.5300,12.5400,12.5500,12.5600,12.5700,277,3100,163,225,569,57,102,497,353,757
SZ,000001,2019-06-13 09:43:33,12.5300,8,167772.0000,134,B,12.5200,12.5100,12.5000,12.4900,12.4800,12.5300,12.5400,12.5500,12.5600,12.5700,148,3100,163,225,569,54,102,497,353,757
SZ,000001,2019-06-13 09:43:36,12.5200,2,12524.0000,10,S,12.5200,12.5100,12.5000,12.4900,12.4800,12.5300,12.5400,12.5500,12.5600,12.5700,167,3099,163,225,569,68,102,519,353,757
SZ,000001,2019-06-13 09:43:39,12.5300,8,47604.0000,38,B,12.5200,12.5100,12.5000,12.4900,12.4800,12.5300,12.5400,12.5500,12.5600,12.5700,164,3099,163,225,569,52,102,529,353,757
SZ,000001,2019-06-13 09:43:45,12.5300,3,15036.0000,12,B,12.5200,12.5100,12.5000,12.4900,12.4800,12.5300,12.5400,12.5500,12.5600,12.5700,163,3099,156,225,569,81,104,529,375,757
SZ,000001,2019-06-13 09:43:48,12.5300,5,33832.0000,27,B,12.5200,12.5100,12.5000,12.4900,12.4800,12.5300,12.5400,12.5500,12.5600,12.5700,190,3099,156,220,572,54,104,529,375,757
SZ,000001,2019-06-13 09:43:51,12.5300,7,23804.0000,19,B,12.5200,12.5100,12.5000,12.4900,12.4800,12.5300,12.5400,12.5500,12.5600,12.5700,190,3099,156,220,572,35,112,529,375,757
SZ,000001,2019-06-13 09:43:54,12.5300,1,10024.0000,8,B,12.5200,12.5100,12.5000,12.4900,12.4800,12.5300,12.5400,12.5500,12.5600,12.5700,764,3099,156,220,572,27,112,529,375,757
SZ,000001,2019-06-13 09:43:57,12.5200,14,189052.0000,151,S,12.5200,12.5100,12.5000,12.4900,12.4800,12.5300,12.5400,12.5500,12.5600,12.5700,618,3099,156,220,544,73,112,529,375,757
SZ,000001,2019-06-13 09:44:00,12.5300,3,17540.0000,14,B,12.5200,12.5100,12.5000,12.4900,12.4800,12.5300,12.5400,12.5500,12.5600,12.5700,616,3099,156,240,544,64,112,529,375,757
SZ,000001,2019-06-13 09:44:03,12.5300,11,112740.0000,90,B,12.5200,12.5100,12.5000,12.4900,12.4800,12.5300,12.5400,12.5500,12.5600,12.5700,584,3099,156,240,548,6,112,529,375,757
SZ,000001,2019-06-13 09:44:06,12.5200,1,2504.0000,2,S,12.5200,12.5100,12.5000,12.4900,12.4800,12.5300,12.5400,12.5500,12.5600,12.5700,588,3092,176,240,548,10,112,529,375,757
SZ,000001,2019-06-13 09:44:09,12.5200,1,2504.0000,2,S,12.5200,12.5100,12.5000,12.4900,12.4800,12.5300,12.5400,12.5500,12.5600,12.5700,1247,3092,176,240,562,10,112,529,375,757
SZ,000001,2019-06-13 09:44:12,12.5300,8,30072.0000,24,B,12.5200,12.5100,12.5000,12.4900,12.4800,12.5300,12.5400,12.5500,12.5600,12.5700,1252,3092,176,240,567,27,112,529,375,757
SZ,000001,2019-06-13 09:44:15,12.5300,6,17536.0000,14,B,12.5200,12.5100,12.5000,12.4900,12.4800,12.5300,12.5400,12.5500,12.5600,12.5700,1249,3092,176,240,567,16,112,529,375,757
SZ,000001,2019-06-13 09:44:18,12.5300,1,20048.0000,16,B,12.5300,12.5200,12.5100,12.5000,12.4900,12.5400,12.5500,12.5600,12.5700,12.5800,484,1249,3092,164,240,112,532,375,757,769
SZ,000001,2019-06-13 09:44:21,12.5300,1,12532.0000,10,S,12.5300,12.5200,12.5100,12.5000,12.4900,12.5400,12.5500,12.5600,12.5700,12.5800,501,1248,3092,164,240,302,532,375,757,769
SZ,000001,2019-06-13 09:44:24,12.5400,6,141644.0000,113,B,12.5300,12.5200,12.5100,12.5000,12.4900,12.5400,12.5500,12.5600,12.5700,12.5800,459,1248,3092,164,240,246,532,375,757,769
SZ,000001,2019-06-13 09:44:27,12.5300,1,6264.0000,5,S,12.5300,12.5200,12.5100,12.5000,12.4900,12.5400,12.5500,12.5600,12.5700,12.5800,454,1248,3092,164,240,246,532,375,757,769
SZ,000001,2019-06-13 09:44:30,12.5400,2,144112.0000,115,B,12.5300,12.5200,12.5100,12.5000,12.4900,12.5400,12.5500,12.5600,12.5700,12.5800,359,1248,3092,164,250,248,532,375,757,769
SZ,000001,2019-06-13 09:44:33,12.5400,3,52628.0000,42,B,12.5300,12.5200,12.5100,12.5000,12.4900,12.5400,12.5500,12.5600,12.5700,12.5800,326,1248,3092,164,247,245,529,375,757,769
SZ,000001,2019-06-13 09:44:36,12.5300,19,461128.0000,368,S,12.5200,12.5100,12.5000,12.4900,12.4800,12.5300,12.5400,12.5500,12.5600,12.5700,1248,3092,154,247,567,87,221,529,375,757
SZ,000001,2019-06-13 09:44:39,12.5300,4,122784.0000,98,B,12.5300,12.5200,12.5100,12.5000,12.4900,12.5400,12.5500,12.5600,12.5700,12.5800,31,1245,3092,154,247,262,529,375,757,769
SZ,000001,2019-06-13 09:44:42,12.5300,6,88972.0000,71,S,12.5200,12.5100,12.5000,12.4900,12.4800,12.5300,12.5400,12.5500,12.5600,12.5700,1245,3092,154,247,567,8,255,529,375,757
SZ,000001,2019-06-13 09:44:45,12.5300,7,45088.0000,36,B,12.5300,12.5200,12.5100,12.5000,12.4900,12.5400,12.5500,12.5600,12.5700,12.5800,227,1230,3092,154,247,255,529,375,757,759
SZ,000001,2019-06-13 09:44:48,12.5300,17,647640.0000,517,S,12.5300,12.5200,12.5100,12.5000,12.4900,12.5400,12.5500,12.5600,12.5700,12.5800,99,1045,3092,154,247,249,539,623,757,759
SZ,000001,2019-06-13 09:44:51,12.5300,7,225540.0000,180,S,12.5300,12.5200,12.5100,12.5000,12.4900,12.5400,12.5500,12.5600,12.5700,12.5800,123,1049,3091,154,247,249,539,623,757,789
SZ,000001,2019-06-13 09:44:54,12.5400,12,261940.0000,209,B,12.5300,12.5200,12.5100,12.5000,12.4900,12.5400,12.5500,12.5600,12.5700,12.5800,273,1049,3091,154,247,196,539,623,776,889
SZ,000001,2019-06-13 09:44:57,12.5400,4,23824.0000,19,B,12.5300,12.5200,12.5100,12.5000,12.4900,12.5400,12.5500,12.5600,12.5700,12.5800,496,1050,3091,154,247,178,539,625,776,889
SZ,000001,2019-06-13 09:45:00,12.5400,5,195624.0000,156,B,12.5300,12.5200,12.5100,12.5000,12.4900,12.5400,12.5500,12.5600,12.5700,12.5800,693,1057,3091,154,247,173,539,625,776,889
SZ,000001,2019-06-13 09:45:03,12.5500,26,1163184.0000,928,B,12.5300,12.5200,12.5100,12.5000,12.4900,12.5400,12.5500,12.5600,12.5700,12.5800,121,1050,3091,144,247,50,224,625,776,889
SZ,000001,2019-06-13 09:45:06,12.5300,3,27584.0000,22,S,12.5300,12.5200,12.5100,12.5000,12.4900,12.5400,12.5500,12.5600,12.5700,12.5800,150,1050,3091,144,247,32,224,625,776,889
SZ,000001,2019-06-13 09:45:09,12.5400,10,127852.0000,102,B,12.5300,12.5200,12.5100,12.5000,12.4900,12.5400,12.5500,12.5600,12.5700,12.5800,93,1060,3091,144,247,8,224,625,776,889
SZ,000001,2019-06-13 09:45:12,12.5400,2,135432.0000,108,B,12.5400,12.5300,12.5200,12.5100,12.5000,12.5500,12.5600,12.5700,12.5800,12.5900,100,107,1060,3091,144,224,625,776,889,798
SZ,000001,2019-06-13 09:45:15,12.5400,7,151720.0000,121,S,12.5300,12.5200,12.5100,12.5000,12.4900,12.5400,12.5500,12.5600,12.5700,12.5800,92,1066,3090,146,247,11,392,625,776,889
SZ,000001,2019-06-13 09:45:18,12.5400,1,13792.0000,11,B,12.5400,12.5300,12.5200,12.5100,12.5000,12.5500,12.5600,12.5700,12.5800,12.5900,70,892,1066,3090,146,412,625,776,1089,798
SZ,000001,2019-06-13 09:45:21,12.5400,7,134180.0000,107,S,12.5300,12.5200,12.5100,12.5000,12.4900,12.5400,12.5500,12.5600,12.5700,12.5800,898,1060,3091,179,247,46,412,625,774,1089
SZ,000001,2019-06-13 09:45:27,12.5500,17,540912.0000,431,B,12.5500,12.5300,12.5200,12.5100,12.5000,12.5600,12.5700,12.5800,12.5900,12.6000,118,910,1060,3091,189,625,774,1089,798,426
SZ,000001,2019-06-13 09:45:30,12.5500,11,191840.0000,153,S,12.5300,12.5200,12.5100,12.5000,12.4900,12.5500,12.5600,12.5700,12.5800,12.5900,1311,1060,3090,189,247,352,779,774,1089,798
SZ,000001,2019-06-13 09:45:33,12.5300,2,3764.0000,3,S,12.5300,12.5200,12.5100,12.5000,12.4900,12.5500,12.5600,12.5700,12.5800,12.5900,1310,1060,3090,189,247,553,663,774,1089,798
SZ,000001,2019-06-13 09:45:39,12.5500,5,30100.0000,24,B,12.5300,12.5200,12.5100,12.5000,12.4900,12.5500,12.5600,12.5700,12.5800,12.5900,1319,1062,3090,199,247,1088,663,774,1089,798
SZ,000001,2019-06-13 09:45:42,12.5400,5,28840.0000,23,S,12.5300,12.5200,12.5100,12.5000,12.4900,12.5400,12.5500,12.5600,12.5700,12.5800,1323,1062,3445,199,247,17,1100,663,774,1089
SZ,000001,2019-06-13 09:45:45,12.5400,1,6272.0000,5,B,12.5300,12.5200,12.5100,12.5000,12.4900,12.5400,12.5500,12.5600,12.5700,12.5800,1323,1062,3445,204,247,12,1090,613,774,1089
SZ,000001,2019-06-13 09:45:48,12.5400,6,139192.0000,111,B,12.5300,12.5200,12.5100,12.5000,12.4900,12.5400,12.5500,12.5600,12.5700,12.5800,1326,1062,3445,204,241,30,1090,613,774,1089
SZ,000001,2019-06-13 09:45:51,12.5400,2,41384.0000,33,B,12.5400,12.5300,12.5200,12.5100,12.5000,12.5500,12.5600,12.5700,12.5800,12.5900,21,1320,1062,3445,204,1100,613,774,1089,849
SZ,000001,2019-06-13 09:45:54,12.5400,10,51412.0000,41,S,12.5300,12.5200,12.5100,12.5000,12.4900,12.5400,12.5500,12.5600,12.5700,12.5800,1319,1067,3445,204,241,1,1100,613,789,1089
SZ,000001,2019-06-13 09:45:57,12.5400,1,1252.0000,1,B,12.5400,12.5300,12.5200,12.5100,12.5000,12.5500,12.5600,12.5700,12.5800,12.5900,15,1319,1087,3445,204,1100,613,789,1089,849
SZ,000001,2019-06-13 09:46:00,12.5300,13,570152.0000,455,S,12.5300,12.5200,12.5100,12.5000,12.4900,12.5400,12.5500,12.5600,12.5700,12.5800,901,1087,3445,204,241,341,1100,613,789,1089
SZ,000001,2019-06-13 09:46:03,12.5300,38,2629400.0000,2095,S,12.5300,12.5200,12.5100,12.5000,12.4900,12.5600,12.5700,12.5800,12.5900,12.6000,852,1087,3445,204,241,8,789,1089,849,445
SZ,000001,2019-06-13 09:46:06,12.5400,4,25064.0000,20,B,12.5400,12.5300,12.5200,12.5100,12.5000,12.5600,12.5700,12.5800,12.5900,12.6000,15,859,1087,3445,204,8,789,1089,849,445
SZ,000001,2019-06-13 09:46:09,12.5600,2,11296.0000,9,B,12.5400,12.5300,12.5200,12.5100,12.5000,12.5600,12.5700,12.5800,12.5900,12.6000,39,859,1087,3445,204,11,799,1089,849,445
SZ,000001,2019-06-13 09:46:12,12.5400,3,26336.0000,21,S,12.5400,12.5300,12.5200,12.5100,12.5000,12.5600,12.5700,12.5800,12.5900,12.6000,21,859,1085,3445,204,10,799,1689,849,445
SZ,000001,2019-06-13 09:46:15,12.5600,13,227144.0000,181,B,12.5300,12.5200,12.5100,12.5000,12.4900,12.5700,12.5800,12.5900,12.6000,12.6100,825,1085,3445,204,241,905,1689,849,485,395
SZ,000001,2019-06-13 09:46:18,12.5300,7,91552.0000,73,S,12.5300,12.5200,12.5100,12.5000,12.4900,12.5400,12.5500,12.5600,12.5700,12.5800,1483,1085,3445,204,241,45,2,54,1042,1739
SZ,000001,2019-06-13 09:46:21,12.5400,1,7524.0000,6,B,12.5300,12.5200,12.5100,12.5000,12.4900,12.5400,12.5500,12.5600,12.5700,12.5800,1480,1085,3445,204,331,146,2,54,1042,1739
SZ,000001,2019-06-13 09:46:24,12.5400,4,75240.0000,60,B,12.5300,12.5200,12.5100,12.5000,12.4900,12.5400,12.5500,12.5600,12.5700,12.5800,1709,1085,3445,204,331,86,2,54,1042,1739
SZ,000001,2019-06-13 09:46:27,12.5400,8,32604.0000,26,B,12.5300,12.5200,12.5100,12.5000,12.4900,12.5400,12.5500,12.5600,12.5700,12.5800,1713,1085,3445,204,331,61,2,104,1002,1739
SZ,000001,2019-06-13 09:46:30,12.5400,5,51400.0000,41,B,12.5300,12.5200,12.5100,12.5000,12.4900,12.5400,12.5500,12.5600,12.5700,12.5800,1702,1085,3445,204,331,31,2,104,991,1739
SZ,000001,2019-06-13 09:46:33,12.5500,3,80228.0000,64,B,12.5500,12.5400,12.5300,12.5200,12.5100,12.5600,12.5700,12.5800,12.5900,12.6000,924,2,1671,1085,3445,104,991,1539,869,478
SZ,000001,2019-06-13 09:46:36,12.5600,8,43944.0000,35,B,12.5500,12.5400,12.5300,12.5200,12.5100,12.5600,12.5700,12.5800,12.5900,12.6000,909,16,1680,1089,3445,76,993,1599,869,478
SZ,000001,2019-06-13 09:46:39,12.5500,1,13804.0000,11,S,12.5500,12.5400,12.5300,12.5200,12.5100,12.5600,12.5700,12.5800,12.5900,12.6000,899,25,1680,1089,3445,292,993,1599,869,478
SZ,000001,2019-06-13 09:46:42,12.5500,7,160640.0000,128,S,12.5500,12.5400,12.5300,12.5200,12.5100,12.5600,12.5700,12.5800,12.5900,12.6000,781,25,1689,1089,3445,524,993,1602,869,488
SZ,000001,2019-06-13 09:46:45,12.5500,15,1010276.0000,805,S,12.5400,12.5300,12.5200,12.5100,12.5000,12.5500,12.5600,12.5700,12.5800,12.5900,25,1689,1089,3445,204,814,563,1063,1602,869
SZ,000001,2019-06-13 09:46:48,12.5300,15,404772.0000,323,S,12.5300,12.5200,12.5100,12.5000,12.4900,12.5400,12.5500,12.5600,12.5700,12.5800,1431,1089,3445,204,331,4,643,562,1059,1602
SZ,000001,2019-06-13 09:46:51,12.5400,24,355880.0000,284,B,12.5300,12.5200,12.5100,12.5000,12.4900,12.5400,12.5500,12.5600,12.5700,12.5800,1175,1089,3445,204,331,112,578,574,1069,1602
SZ,000001,2019-06-13 09:46:54,12.5400,32,756864.0000,604,B,12.5300,12.5200,12.5100,12.5000,12.4900,12.5400,12.5500,12.5600,12.5700,12.5800,632,1089,3445,206,331,66,503,576,1069,1602
SZ,000001,2019-06-13 09:46:57,12.5300,28,624028.0000,498,S,12.5300,12.5200,12.5100,12.5000,12.4900,12.5500,12.5600,12.5700,12.5800,12.5900,174,1084,3445,206,331,633,576,933,1602,849
SZ,000001,2019-06-13 09:47:00,12.5300,29,935500.0000,747,S,12.5200,12.5100,12.5000,12.4900,12.4800,12.5300,12.5400,12.5500,12.5600,12.5700,539,3445,357,331,568,106,81,633,616,941
SZ,000001,2019-06-13 09:47:03,12.5200,20,1169016.0000,934,S,12.5100,12.5000,12.4900,12.4800,12.4700,12.5200,12.5300,12.5400,12.5500,12.5600,3093,361,331,558,407,154,85,78,611,616
SZ,000001,2019-06-13 09:47:06,12.5200,9,1038344.0000,830,B,12.5100,12.5000,12.4900,12.4800,12.4700,12.5200,12.5300,12.5400,12.5500,12.5600,2273,361,331,558,407,57,96,75,611,1416
SZ,000001,2019-06-13 09:47:09,12.5100,12,760632.0000,608,S,12.5100,12.5000,12.4900,12.4800,12.4700,12.5200,12.5300,12.5400,12.5500,12.5600,1690,361,331,558,407,132,35,75,611,1416
SZ,000001,2019-06-13 09:47:12,12.5100,10,814400.0000,651,S,12.5100,12.5000,12.4900,12.4800,12.4700,12.5200,12.5300,12.5400,12.5500,12.5600,1047,361,331,558,407,132,156,38,611,1416
SZ,000001,2019-06-13 09:47:15,12.5100,19,758104.0000,606,S,12.5100,12.5000,12.4900,12.4800,12.4700,12.5200,12.5300,12.5400,12.5500,12.5600,457,349,332,558,407,132,164,38,711,1405
SZ,000001,2019-06-13 09:47:18,12.5000,34,797968.0000,638,S,12.5000,12.4900,12.4800,12.4700,12.4600,12.5100,12.5200,12.5300,12.5400,12.5500,175,332,554,407,677,199,132,164,38,711
SZ,000001,2019-06-13 09:47:21,12.5000,16,333712.0000,267,S,12.4900,12.4800,12.4700,12.4600,12.4500,12.5000,12.5100,12.5200,12.5300,12.5400,299,554,407,682,1860,151,210,132,164,38
SZ,000001,2019-06-13 09:47:24,12.5000,20,390952.0000,313,B,12.4900,12.4800,12.4700,12.4600,12.4500,12.5000,12.5100,12.5200,12.5300,12.5400,1,554,407,682,1860,124,209,32,164,38
SZ,000001,2019-06-13 09:47:27,12.4800,5,62408.0000,50,S,12.4800,12.4700,12.4600,12.4500,12.4400,12.4900,12.5000,12.5100,12.5200,12.5300,513,407,682,1860,803,65,145,209,32,364
SZ,000001,2019-06-13 09:47:30,12.4900,5,78656.0000,63,B,12.4800,12.4700,12.4600,12.4500,12.4400,12.4900,12.5000,12.5100,12.5200,12.5300,481,407,682,1860,803,56,144,209,32,364
SZ,000001,2019-06-13 09:47:33,12.4900,12,162400.0000,130,B,12.4800,12.4700,12.4600,12.4500,12.4400,12.4900,12.5000,12.5100,12.5200,12.5300,471,407,1252,1910,803,586,100,209,32,340
SZ,000001,2019-06-13 09:47:36,12.4800,3,74904.0000,60,S,12.4800,12.4700,12.4600,12.4500,12.4400,12.4900,12.5000,12.5100,12.5200,12.5300,432,387,1252,1910,803,584,100,209,32,219
SZ,000001,2019-06-13 09:47:39,12.4800,5,152296.0000,122,S,12.4800,12.4700,12.4600,12.4500,12.4400,12.4900,12.5000,12.5100,12.5200,12.5300,369,417,1252,1860,803,544,100,199,32,219
SZ,000001,2019-06-13 09:47:42,12.4900,13,91128.0000,73,B,12.4800,12.4700,12.4600,12.4500,12.4400,12.4900,12.5000,12.5100,12.5200,12.5300,335,485,1252,1840,803,523,100,199,32,219
SZ,000001,2019-06-13 09:47:45,12.4800,10,203424.0000,163,S,12.4800,12.4700,12.4600,12.4500,12.4400,12.4900,12.5000,12.5100,12.5200,12.5300,174,486,1252,1840,803,521,100,199,32,219
SZ,000001,2019-06-13 09:47:48,12.4900,3,36208.0000,29,B,12.4800,12.4700,12.4600,12.4500,12.4400,12.4900,12.5000,12.5100,12.5200,12.5300,209,628,1252,1840,826,504,100,199,32,219
SZ,000001,2019-06-13 09:47:51,12.4900,4,81176.0000,65,B,12.4800,12.4700,12.4600,12.4500,12.4400,12.4900,12.5000,12.5100,12.5200,12.5300,197,671,1277,1840,826,454,100,199,32,219
SZ,000001,2019-06-13 09:47:54,12.4800,9,41208.0000,33,S,12.4800,12.4700,12.4600,12.4500,12.4400,12.4900,12.5000,12.5100,12.5200,12.5300,208,693,1278,1832,826,436,100,199,32,219
SZ,000001,2019-06-13 09:47:57,12.4900,4,39960.0000,32,B,12.4800,12.4700,12.4600,12.4500,12.4400,12.4900,12.5000,12.5100,12.5200,12.5300,219,724,1273,1832,826,407,100,199,32,219
SZ,000001,2019-06-13 09:48:00,12.4900,1,11248.0000,9,B,12.4800,12.4700,12.4600,12.4500,12.4400,12.4900,12.5000,12.5100,12.5200,12.5300,409,724,1273,1842,826,398,100,199,32,219
SZ,000001,2019-06-13 09:48:03,12.4900,21,182232.0000,146,B,12.4800,12.4700,12.4600,12.4500,12.4400,12.4900,12.5000,12.5100,12.5200,12.5300,366,922,1273,1817,826,369,125,199,32,219
SZ,000001,2019-06-13 09:48:06,12.4800,13,121120.0000,97,S,12.4800,12.4700,12.4600,12.4500,12.4400,12.4900,12.5000,12.5100,12.5200,12.5300,323,922,1273,1817,826,306,143,199,32,219
SZ,000001,2019-06-13 09:48:09,12.4800,13,388440.0000,311,S,12.4800,12.4700,12.4600,12.4500,12.4400,12.5000,12.5100,12.5200,12.5300,12.5400,396,922,1273,1817,826,143,199,32,219,97
SZ,000001,2019-06-13 09:48:12,12.4800,4,46216.0000,37,S,12.4800,12.4700,12.4600,12.4500,12.4400,12.5000,12.5100,12.5200,12.5300,12.5400,383,946,1273,1817,826,124,199,32,219,114
SZ,000001,2019-06-13 09:48:15,12.5000,6,36256.0000,29,B,12.4900,12.4800,12.4700,12.4600,12.4500,12.5000,12.5100,12.5200,12.5300,12.5400,11,511,946,1273,1817,95,199,32,219,114
SZ,000001,2019-06-13 09:48:18,12.4900,1,3744.0000,3,S,12.4900,12.4800,12.4700,12.4600,12.4500,12.5000,12.5100,12.5200,12.5300,12.5400,64,614,954,1273,1809,95,199,32,219,114
SZ,000001,2019-06-13 09:48:21,12.4800,18,200992.0000,161,S,12.4900,12.4800,12.4700,12.4600,12.4500,12.5000,12.5100,12.5200,12.5300,12.5400,76,1125,941,1273,1809,95,199,32,219,114
SZ,000001,2019-06-13 09:48:24,12.4900,5,134880.0000,108,S,12.4800,12.4700,12.4600,12.4500,12.4400,12.5000,12.5100,12.5200,12.5300,12.5400,1451,941,1276,1809,831,95,199,32,219,114
SZ,000001,2019-06-13 09:48:27,12.4900,6,41240.0000,33,S,12.4800,12.4700,12.4600,12.4500,12.4400,12.5000,12.5100,12.5200,12.5300,12.5400,1460,941,1276,1809,831,76,199,32,219,114
SZ,000001,2019-06-13 09:48:30,12.5000,8,57464.0000,46,B,12.4800,12.4700,12.4600,12.4500,12.4400,12.5000,12.5100,12.5200,12.5300,12.5400,1496,941,1323,1809,835,61,199,32,219,114
SZ,000001,2019-06-13 09:48:33,12.5000,5,47472.0000,38,B,12.4900,12.4800,12.4700,12.4600,12.4500,12.5000,12.5100,12.5200,12.5300,12.5400,10,1499,896,1313,1821,53,199,32,219,114
SZ,000001,2019-06-13 09:48:36,12.4900,4,63696.0000,51,S,12.4900,12.4800,12.4700,12.4600,12.4500,12.5000,12.5100,12.5200,12.5300,12.5400,5,1557,899,1315,1821,53,199,32,219,183
SZ,000001,2019-06-13 09:48:39,12.5000,21,169912.0000,136,B,12.5000,12.4900,12.4800,12.4700,12.4600,12.5100,12.5200,12.5300,12.5400,12.5500,98,3,1555,899,1335,199,32,219,183,922
SZ,000001,2019-06-13 09:48:42,12.5000,3,37496.0000,30,S,12.5000,12.4900,12.4800,12.4700,12.4600,12.5100,12.5200,12.5300,12.5400,12.5500,68,556,1558,899,1335,199,32,219,183,922
SZ,000001,2019-06-13 09:48:45,12.5000,3,38768.0000,31,S,12.5000,12.4900,12.4800,12.4700,12.4600,12.5100,12.5200,12.5300,12.5400,12.5500,61,573,1558,904,1385,179,32,219,193,922
SZ,000001,2019-06-13 09:48:48,12.5000,6,61280.0000,49,S,12.5000,12.4900,12.4800,12.4700,12.4600,12.5100,12.5200,12.5300,12.5400,12.5500,38,719,1525,904,1385,154,32,219,193,922
SZ,000001,2019-06-13 09:48:51,12.5000,4,60000.0000,48,S,12.5000,12.4900,12.4800,12.4700,12.4600,12.5100,12.5200,12.5300,12.5400,12.5500,300,719,1528,904,1385,154,32,208,194,922
SZ,000001,2019-06-13 09:48:54,12.5000,1,12496.0000,10,S,12.5000,12.4900,12.4800,12.4700,12.4600,12.5100,12.5200,12.5300,12.5400,12.5500,308,713,1578,914,1385,161,32,208,194,922
SZ,000001,2019-06-13 09:49:00,12.5100,7,63800.0000,51,B,12.5000,12.4900,12.4800,12.4700,12.4600,12.5100,12.5200,12.5300,12.5400,12.5500,522,727,1606,923,1385,110,32,208,194,922
SZ,000001,2019-06-13 09:49:03,12.5100,4,153760.0000,123,B,12.5000,12.4900,12.4800,12.4700,12.4600,12.5100,12.5200,12.5300,12.5400,12.5500,419,727,1609,932,1385,106,32,208,194,922
SZ,000001,2019-06-13 09:49:06,12.5100,6,171352.0000,137,B,12.5100,12.5000,12.4900,12.4800,12.4700,12.5200,12.5300,12.5400,12.5500,12.5600,394,410,777,1596,937,32,208,194,922,1358
SZ,000001,2019-06-13 09:49:09,12.5100,2,138864.0000,111,S,12.5100,12.5000,12.4900,12.4800,12.4700,12.5200,12.5300,12.5400,12.5500,12.5600,288,410,783,1596,937,31,208,194,922,1358
SZ,000001,2019-06-13 09:49:12,12.5100,5,23784.0000,19,S,12.5100,12.5000,12.4900,12.4800,12.4700,12.5200,12.5300,12.5400,12.5500,12.5600,287,415,781,1596,935,113,208,194,922,1358
SZ,000001,2019-06-13 09:49:15,12.5100,4,367800.0000,294,S,12.5000,12.4900,12.4800,12.4700,12.4600,12.5100,12.5200,12.5300,12.5400,12.5500,435,775,1596,925,1356,521,185,208,194,792
SZ,000001,2019-06-13 09:49:21,12.5100,9,137568.0000,110,B,12.5000,12.4900,12.4800,12.4700,12.4600,12.5100,12.5200,12.5300,12.5400,12.5500,918,826,1496,935,1366,1415,151,208,294,792
SZ,000001,2019-06-13 09:49:24,12.5000,2,13008.0000,10,S,12.5000,12.4900,12.4800,12.4700,12.4600,12.5100,12.5200,12.5300,12.5400,12.5500,923,817,1506,945,1366,1425,151,208,294,792
SZ,000001,2019-06-13 09:49:27,12.5100,7,173840.0000,139,B,12.5000,12.4900,12.4800,12.4700,12.4600,12.5100,12.5200,12.5300,12.5400,12.5500,874,1191,1506,945,1366,1447,113,208,304,792
SZ,000001,2019-06-13 09:49:30,12.5100,8,170008.0000,136,B,12.5000,12.4900,12.4800,12.4700,12.4600,12.5100,12.5200,12.5300,12.5400,12.5500,743,1201,1496,945,1366,1460,113,208,304,823
SZ,000001,2019-06-13 09:49:33,12.5100,11,158800.0000,127,B,12.5000,12.4900,12.4800,12.4700,12.4600,12.5100,12.5200,12.5300,12.5400,12.5500,670,1211,1553,828,1366,1406,153,208,304,894
SZ,000001,2019-06-13 09:49:36,12.5000,3,52496.0000,42,S,12.5000,12.4900,12.4800,12.4700,12.4600,12.5100,12.5200,12.5300,12.5400,12.5500,628,1200,1553,828,1366,1426,153,208,321,894
SZ,000001,2019-06-13 09:49:39,12.5000,8,50008.0000,40,S,12.5000,12.4900,12.4800,12.4700,12.4600,12.5100,12.5200,12.5300,12.5400,12.5500,590,1200,1555,828,1366,1435,153,208,321,894
SZ,000001,2019-06-13 09:49:42,12.5000,11,51248.0000,41,S,12.5000,12.4900,12.4800,12.4700,12.4600,12.5100,12.5200,12.5300,12.5400,12.5500,554,1170,1535,838,1366,1435,153,208,286,930
SZ,000001,2019-06-13 09:49:45,12.5100,10,97528.0000,78,B,12.5000,12.4900,12.4800,12.4700,12.4600,12.5100,12.5200,12.5300,12.5400,12.5500,503,1170,1535,838,1366,1394,153,208,246,930
SZ,000001,2019-06-13 09:49:48,12.5000,7,1129648.0000,903,S,12.5000,12.4900,12.4800,12.4700,12.4600,12.5100,12.5200,12.5300,12.5400,12.5500,510,1176,1535,848,1366,742,153,208,246,930
SZ,000001,2019-06-13 09:49:51,12.5100,2,103784.0000,83,B,12.5000,12.4900,12.4800,12.4700,12.4600,12.5100,12.5200,12.5300,12.5400,12.5500,662,1166,1535,848,1366,650,153,208,246,880
SZ,000001,2019-06-13 09:49:54,12.5100,7,65032.0000,52,B,12.5000,12.4900,12.4800,12.4700,12.4600,12.5100,12.5200,12.5300,12.5400,12.5500,643,1158,1535,848,1366,628,153,208,246,880
SZ,000001,2019-06-13 09:49:57,12.5100,3,250176.0000,200,B,12.5000,12.4900,12.4800,12.4700,12.4600,12.5100,12.5200,12.5300,12.5400,12.5500,723,1158,1535,848,1366,448,153,208,246,880
SZ,000001,2019-06-13 09:50:00,12.5000,7,120024.0000,96,S,12.5000,12.4900,12.4800,12.4700,12.4600,12.5100,12.5200,12.5300,12.5400,12.5500,660,1158,1532,848,1366,428,193,208,246,880
SZ,000001,2019-06-13 09:50:03,12.5100,5,35016.0000,28,B,12.5000,12.4900,12.4800,12.4700,12.4600,12.5100,12.5200,12.5300,12.5400,12.5500,693,1158,1491,808,1366,410,193,208,246,880
SZ,000001,2019-06-13 09:50:06,12.5000,8,216272.0000,173,S,12.5000,12.4900,12.4800,12.4700,12.4600,12.5100,12.5200,12.5300,12.5400,12.5500,539,1159,1491,858,1366,397,193,208,246,880
SZ,000001,2019-06-13 09:50:09,12.5000,5,125000.0000,100,S,12.5000,12.4900,12.4800,12.4700,12.4600,12.5100,12.5200,12.5300,12.5400,12.5500,440,1159,1491,858,1366,399,193,208,246,880
SZ,000001,2019-06-13 09:50:12,12.5000,4,27504.0000,22,S,12.5000,12.4900,12.4800,12.4700,12.4600,12.5100,12.5200,12.5300,12.5400,12.5500,420,1159,1491,858,1366,397,193,208,246,884
SZ,000001,2019-06-13 09:50:18,12.5000,21,547016.0000,438,S,12.4900,12.4800,12.4700,12.4600,12.4500,12.5000,12.5100,12.5200,12.5300,12.5400,1159,1491,858,1366,1900,583,400,193,208,282
SZ,000001,2019-06-13 09:50:21,12.5000,5,216152.0000,173,B,12.4900,12.4800,12.4700,12.4600,12.4500,12.5000,12.5100,12.5200,12.5300,12.5400,1068,1491,858,1366,1900,513,394,193,208,282
SZ,000001,2019-06-13 09:50:24,12.5000,2,41248.0000,33,B,12.4900,12.4800,12.4700,12.4600,12.4500,12.5000,12.5100,12.5200,12.5300,12.5400,1073,1501,972,1366,1900,527,394,253,208,282
SZ,000001,2019-06-13 09:50:27,12.5000,4,21248.0000,17,B,12.4900,12.4800,12.4700,12.4600,12.4500,12.5000,12.5100,12.5200,12.5300,12.5400,1082,1501,972,1366,1900,510,388,253,208,282
SZ,000001,2019-06-13 09:50:30,12.4900,11,750504.0000,600,S,12.4900,12.4800,12.4700,12.4600,12.4500,12.5100,12.5200,12.5300,12.5400,12.5500,1157,1501,972,1366,1910,390,253,208,282,921
SZ,000001,2019-06-13 09:50:33,12.5000,1,5000.0000,4,B,12.4900,12.4800,12.4700,12.4600,12.4500,12.5000,12.5100,12.5200,12.5300,12.5400,1160,1501,972,1373,1910,46,390,253,208,265
SZ,000001,2019-06-13 09:50:36,12.5000,2,96216.0000,77,B,12.5000,12.4900,12.4800,12.4700,12.4600,12.5100,12.5200,12.5300,12.5400,12.5500,37,1094,1501,972,1373,390,273,208,265,921
SZ,000001,2019-06-13 09:50:39,12.5000,1,25000.0000,20,S,12.5000,12.4900,12.4800,12.4700,12.4600,12.5100,12.5200,12.5300,12.5400,12.5500,60,1086,1501,992,1373,390,273,208,265,921
SZ,000001,2019-06-13 09:50:42,12.5000,5,22504.0000,18,S,12.5000,12.4900,12.4800,12.4700,12.4600,12.5100,12.5200,12.5300,12.5400,12.5500,552,1086,1501,983,1373,383,282,208,265,921
SZ,000001,2019-06-13 09:50:45,12.5000,17,458944.0000,367,S,12.5000,12.4900,12.4800,12.4700,12.4600,12.5100,12.5200,12.5300,12.5400,12.5500,391,1578,1541,983,1373,183,282,208,265,921
SZ,000001,2019-06-13 09:50:48,12.5100,11,66264.0000,53,B,12.5000,12.4900,12.4800,12.4700,12.4600,12.5100,12.5200,12.5300,12.5400,12.5500,350,1584,1593,993,1373,171,324,208,265,921
SZ,000001,2019-06-13 09:50:51,12.5100,15,239072.0000,191,B,12.5100,12.5000,12.4900,12.4800,12.4700,12.5200,12.5300,12.5400,12.5500,12.5600,346,330,1582,1593,995,340,208,265,921,1107
SZ,000001,2019-06-13 09:50:54,12.5100,4,145120.0000,116,S,12.5100,12.5000,12.4900,12.4800,12.4700,12.5200,12.5300,12.5400,12.5500,12.5600,247,330,1580,1593,947,337,208,265,921,1107
SZ,000001,2019-06-13 09:50:57,12.5100,1,62552.0000,50,S,12.5100,12.5000,12.4900,12.4800,12.4700,12.5200,12.5300,12.5400,12.5500,12.5600,230,551,1580,1593,1047,387,208,265,921,1107
SZ,000001,2019-06-13 09:51:00,12.5200,6,30048.0000,24,B,12.5100,12.5000,12.4900,12.4800,12.4700,12.5200,12.5300,12.5400,12.5500,12.5600,536,551,1574,2093,1047,363,208,265,921,1107
SZ,000001,2019-06-13 09:51:03,12.5200,3,15024.0000,12,B,12.5100,12.5000,12.4900,12.4800,12.4700,12.5200,12.5300,12.5400,12.5500,12.5600,559,551,1574,2093,1047,358,208,265,921,1117
SZ,000001,2019-06-13 09:51:06,12.5100,3,45040.0000,36,S,12.5100,12.5000,12.4900,12.4800,12.4700,12.5200,12.5300,12.5400,12.5500,12.5600,527,565,1574,2119,1047,354,208,265,823,1117
SZ,000001,2019-06-13 09:51:09,12.5200,8,92584.0000,74,B,12.5100,12.5000,12.4900,12.4800,12.4700,12.5200,12.5300,12.5400,12.5500,12.5600,470,565,1567,2119,1047,353,208,265,824,1117
SZ,000001,2019-06-13 09:51:12,12.5200,6,80088.0000,64,B,12.5100,12.5000,12.4900,12.4800,12.4700,12.5200,12.5300,12.5400,12.5500,12.5600,427,1065,1567,2119,1047,369,208,265,824,1117
SZ,000001,2019-06-13 09:51:15,12.5200,4,16272.0000,13,B,12.5100,12.5000,12.4900,12.4800,12.4700,12.5200,12.5300,12.5400,12.5500,12.5600,429,1065,1567,2119,1047,356,208,265,824,1134
SZ,000001,2019-06-13 09:51:18,12.5100,2,12520.0000,10,S,12.5100,12.5000,12.4900,12.4800,12.4700,12.5200,12.5300,12.5400,12.5500,12.5600,426,1065,1567,2119,1047,349,208,265,824,1134
SZ,000001,2019-06-13 09:51:21,12.5100,1,12512.0000,10,S,12.5100,12.5000,12.4900,12.4800,12.4700,12.5200,12.5300,12.5400,12.5500,12.5600,417,1065,1567,2119,1046,349,208,265,824,1134
SZ,000001,2019-06-13 09:51:24,12.5200,7,40064.0000,32,B,12.5100,12.5000,12.4900,12.4800,12.4700,12.5200,12.5300,12.5400,12.5500,12.5600,417,1065,1591,2079,1046,538,238,216,824,1134
SZ,000001,2019-06-13 09:51:27,12.5100,2,7504.0000,6,S,12.5100,12.5000,12.4900,12.4800,12.4700,12.5200,12.5300,12.5400,12.5500,12.5600,442,1065,1591,2079,1049,638,238,224,1024,1134
SZ,000001,2019-06-13 09:51:30,12.5100,1,25024.0000,20,S,12.5100,12.5000,12.4900,12.4800,12.4700,12.5200,12.5300,12.5400,12.5500,12.5600,432,1136,1591,2089,1049,639,238,224,1024,1134
SZ,000001,2019-06-13 09:51:33,12.5200,13,237776.0000,190,B,12.5100,12.5000,12.4900,12.4800,12.4700,12.5200,12.5300,12.5400,12.5500,12.5600,331,1136,1593,2089,1049,550,238,228,1024,1134
SZ,000001,2019-06-13 09:51:36,12.5100,8,213936.0000,171,S,12.5100,12.5000,12.4900,12.4800,12.4700,12.5200,12.5300,12.5400,12.5500,12.5600,178,1161,1530,2089,1053,531,238,228,1024,1134
SZ,000001,2019-06-13 09:51:39,12.5100,1,10008.0000,8,S,12.5100,12.5000,12.4900,12.4800,12.4700,12.5200,12.5300,12.5400,12.5500,12.5600,277,1257,1531,2089,1053,532,238,192,1024,1134
SZ,000001,2019-06-13 09:51:42,12.5100,3,45040.0000,36,S,12.5100,12.5000,12.4900,12.4800,12.4700,12.5200,12.5300,12.5400,12.5500,12.5600,246,1507,1536,2089,1053,528,238,192,1024,1134
SZ,000001,2019-06-13 09:51:45,12.5100,13,146384.0000,117,S,12.5100,12.5000,12.4900,12.4800,12.4700,12.5200,12.5300,12.5400,12.5500,12.5600,145,1512,1537,2089,1053,515,238,192,1024,1134
SZ,000001,2019-06-13 09:51:48,12.5100,9,186256.0000,149,S,12.5000,12.4900,12.4800,12.4700,12.4600,12.5100,12.5200,12.5300,12.5400,12.5500,1512,1556,2089,1053,1353,149,515,248,192,1024
SZ,000001,2019-06-13 09:51:51,12.5100,3,38784.0000,31,B,12.5000,12.4900,12.4800,12.4700,12.4600,12.5100,12.5200,12.5300,12.5400,12.5500,1512,1556,2089,1053,1353,170,502,248,192,1024
SZ,000001,2019-06-13 09:51:54,12.5100,11,242840.0000,194,B,12.5100,12.5000,12.4900,12.4800,12.4700,12.5200,12.5300,12.5400,12.5500,12.5600,505,1532,1559,2089,1053,502,248,192,1024,1134
SZ,000001,2019-06-13 09:51:57,12.5100,3,137616.0000,110,S,12.5100,12.5000,12.4900,12.4800,12.4700,12.5200,12.5300,12.5400,12.5500,12.5600,488,1536,1559,2090,1053,498,248,192,1034,1134
SZ,000001,2019-06-13 09:52:00,12.5200,14,702304.0000,561,B,12.5200,12.5100,12.5000,12.4900,12.4800,12.5300,12.5400,12.5500,12.5600,12.5700,2,435,1536,1559,2090,248,192,1034,1134,771
SZ,000001,2019-06-13 09:52:03,12.5100,8,112616.0000,90,S,12.5100,12.5000,12.4900,12.4800,12.4700,12.5300,12.5400,12.5500,12.5600,12.5700,362,1536,1567,2090,1053,483,192,1032,1134,771
SZ,000001,2019-06-13 09:52:06,12.5200,10,527408.0000,421,B,12.5200,12.5100,12.5000,12.4900,12.4800,12.5300,12.5400,12.5500,12.5600,12.5700,555,332,1665,1585,2090,138,192,1032,1134,771
SZ,000001,2019-06-13 09:52:09,12.5200,14,105240.0000,84,S,12.5200,12.5100,12.5000,12.4900,12.4800,12.5300,12.5400,12.5500,12.5600,12.5700,530,327,1667,1585,2090,3,166,1032,1134,771
SZ,000001,2019-06-13 09:52:12,12.5400,4,77648.0000,62,B,12.5200,12.5100,12.5000,12.4900,12.4800,12.5400,12.5500,12.5600,12.5700,12.5800,482,327,1707,1585,2090,96,1032,1134,772,1625
SZ,000001,2019-06-13 09:52:15,12.5200,2,57600.0000,46,S,12.5200,12.5100,12.5000,12.4900,12.4800,12.5300,12.5400,12.5500,12.5600,12.5700,444,827,1697,1585,2108,10,254,1032,1134,772
SZ,000001,2019-06-13 09:52:18,12.5200,9,194080.0000,155,S,12.5200,12.5100,12.5000,12.4900,12.4800,12.5300,12.5400,12.5500,12.5600,12.5700,364,827,1697,1575,2108,57,139,1032,1134,772
SZ,000001,2019-06-13 09:52:21,12.5300,10,350768.0000,280,B,12.5200,12.5100,12.5000,12.4900,12.4800,12.5400,12.5500,12.5600,12.5700,12.5800,315,827,1697,1575,2108,147,1032,1134,772,1622
SZ,000001,2019-06-13 09:52:24,12.5300,6,42568.0000,34,B,12.5300,12.5200,12.5100,12.5000,12.4900,12.5400,12.5500,12.5600,12.5700,12.5800,4,314,894,1697,1575,405,1032,1134,772,1572
SZ,000001,2019-06-13 09:52:27,12.5300,5,12536.0000,10,S,12.5200,12.5100,12.5000,12.4900,12.4800,12.5300,12.5400,12.5500,12.5600,12.5700,311,907,1697,1572,2108,55,531,1032,1134,772
SZ,000001,2019-06-13 09:52:30,12.5200,9,82656.0000,66,S,12.5200,12.5100,12.5000,12.4900,12.4800,12.5300,12.5400,12.5500,12.5600,12.5700,282,907,1692,1572,2108,104,405,832,1134,772
SZ,000001,2019-06-13 09:52:33,12.5300,7,260416.0000,208,B,12.5200,12.5100,12.5000,12.4900,12.4800,12.5300,12.5400,12.5500,12.5600,12.5700,89,907,1563,1569,2108,143,272,832,1134,772
SZ,000001,2019-06-13 09:52:36,12.5200,4,51336.0000,41,S,12.5200,12.5100,12.5000,12.4900,12.4800,12.5300,12.5400,12.5500,12.5600,12.5700,49,957,1563,1569,2108,143,272,812,1134,772
SZ,000001,2019-06-13 09:52:39,12.5300,4,27544.0000,22,B,12.5200,12.5100,12.5000,12.4900,12.4800,12.5300,12.5400,12.5500,12.5600,12.5700,29,956,1578,1569,2104,154,272,797,1134,975
SZ,000001,2019-06-13 09:52:42,12.5200,12,80136.0000,64,S,12.5100,12.5000,12.4900,12.4800,12.4700,12.5200,12.5300,12.5400,12.5500,12.5600,945,1578,1569,1440,1057,43,135,272,797,1134
SZ,000001,2019-06-13 09:52:45,12.5100,6,23784.0000,19,S,12.5100,12.5000,12.4900,12.4800,12.4700,12.5200,12.5300,12.5400,12.5500,12.5600,945,1578,1569,1440,1057,11,150,272,797,1134
SZ,000001,2019-06-13 09:52:48,12.5200,1,6256.0000,5,B,12.5100,12.5000,12.4900,12.4800,12.4700,12.5200,12.5300,12.5400,12.5500,12.5600,948,1578,1569,1440,1057,6,149,272,797,1134
SZ,000001,2019-06-13 09:52:51,12.5200,3,11272.0000,9,B,12.5200,12.5100,12.5000,12.4900,12.4800,12.5300,12.5400,12.5500,12.5600,12.5700,89,949,1578,1499,1440,148,267,797,1134,975
SZ,000001,2019-06-13 09:52:54,12.5200,2,8760.0000,7,S,12.5200,12.5100,12.5000,12.4900,12.4800,12.5300,12.5400,12.5500,12.5600,12.5700,180,943,1578,1495,1440,152,267,797,1134,975
SZ,000001,2019-06-13 09:52:57,12.5200,7,105168.0000,84,S,12.5200,12.5100,12.5000,12.4900,12.4800,12.5300,12.5400,12.5500,12.5600,12.5700,96,931,1579,1495,1540,212,134,797,1134,976
SZ,000001,2019-06-13 09:53:00,12.5200,7,242888.0000,194,S,12.5200,12.5100,12.5000,12.4900,12.4800,12.5300,12.5400,12.5500,12.5600,12.5700,924,943,1579,1495,1540,218,134,797,1134,976
SZ,000001,2019-06-13 09:53:03,12.5300,9,48848.0000,39,B,12.5200,12.5100,12.5000,12.4900,12.4800,12.5300,12.5400,12.5500,12.5600,12.5700,908,1072,1579,1495,1540,194,134,797,1134,976
SZ,000001,2019-06-13 09:53:06,12.5200,7,1141824.0000,912,S,12.5100,12.5000,12.4900,12.4800,12.4700,12.5200,12.5300,12.5400,12.5500,12.5600,1072,1579,1495,1640,1057,171,197,134,821,1134
SZ,000001,2019-06-13 09:53:09,12.5300,16,518464.0000,414,B,12.5300,12.5100,12.5000,12.4900,12.4800,12.5400,12.5500,12.5600,12.5700,12.5800,159,1017,1579,1495,1640,135,821,1134,1006,1572
SZ,000001,2019-06-13 09:53:12,12.5300,4,231808.0000,185,S,12.5200,12.5100,12.5000,12.4900,12.4800,12.5400,12.5500,12.5600,12.5700,12.5800,2,1015,1507,1495,1640,421,826,1134,1006,1572
SZ,000001,2019-06-13 09:53:15,12.5200,10,50112.0000,40,S,12.5100,12.5000,12.4900,12.4800,12.4700,12.5200,12.5400,12.5500,12.5600,12.5700,1026,1507,1495,1640,1057,73,386,826,1134,1006
SZ,000001,2019-06-13 09:53:18,12.5200,3,65104.0000,52,B,12.5200,12.5100,12.5000,12.4900,12.4800,12.5400,12.5500,12.5600,12.5700,12.5800,664,1026,1507,1496,1640,244,826,1134,1006,1572
SZ,000001,2019-06-13 09:53:21,12.5200,1,3760.0000,3,S,12.5200,12.5100,12.5000,12.4900,12.4800,12.5300,12.5400,12.5500,12.5600,12.5700,661,1028,1509,1497,1655,10,292,826,1134,1006
SZ,000001,2019-06-13 09:53:24,12.5300,5,25056.0000,20,B,12.5200,12.5100,12.5000,12.4900,12.4800,12.5300,12.5400,12.5500,12.5600,12.5700,675,1024,1509,1496,1655,29,285,826,1134,1006
SZ,000001,2019-06-13 09:53:27,12.5300,1,6264.0000,5,B,12.5200,12.5100,12.5000,12.4900,12.4800,12.5300,12.5400,12.5500,12.5600,12.5700,707,1024,1509,1468,1655,37,285,826,1134,1006
SZ,000001,2019-06-13 09:53:30,12.5300,6,48872.0000,39,B,12.5300,12.5200,12.5100,12.5000,12.4900,12.5400,12.5500,12.5600,12.5700,12.5800,61,713,1024,1510,1468,285,827,1134,1006,1588
SZ,000001,2019-06-13 09:53:33,12.5300,3,16288.0000,13,S,12.5300,12.5200,12.5100,12.5000,12.4900,12.5400,12.5500,12.5600,12.5700,12.5800,70,713,1024,1510,1488,278,827,1124,1006,1588
SZ,000001,2019-06-13 09:53:36,12.5300,12,112792.0000,90,S,12.5200,12.5100,12.5000,12.4900,12.4800,12.5300,12.5400,12.5500,12.5600,12.5700,784,1024,1509,1488,1655,18,275,827,1124,1006
SZ,000001,2019-06-13 09:53:39,12.5400,5,48872.0000,39,B,12.5200,12.5100,12.5000,12.4900,12.4800,12.5400,12.5500,12.5600,12.5700,12.5800,792,1024,1517,1488,1655,269,827,1124,1006,1588
SZ,000001,2019-06-13 09:53:42,12.5400,3,37616.0000,30,B,12.5200,12.5100,12.5000,12.4900,12.4800,12.5400,12.5500,12.5600,12.5700,12.5800,792,1024,1518,1488,1655,235,831,1124,1006,1588
SZ,000001,2019-06-13 09:53:45,12.5200,2,15024.0000,12,S,12.5200,12.5100,12.5000,12.4900,12.4800,12.5300,12.5400,12.5500,12.5600,12.5700,780,1024,1518,1488,1655,1,239,844,1124,1006
SZ,000001,2019-06-13 09:53:48,12.5200,7,33840.0000,27,S,12.5200,12.5100,12.5000,12.4900,12.4800,12.5300,12.5400,12.5500,12.5600,12.5700,823,1024,1523,1480,1655,17,199,844,1124,1006
SZ,000001,2019-06-13 09:53:54,12.5200,2,36320.0000,29,S,12.5200,12.5100,12.5000,12.4900,12.4800,12.5300,12.5400,12.5500,12.5600,12.5700,861,1024,1523,1480,1655,422,199,848,1124,1006
SZ,000001,2019-06-13 09:53:57,12.5300,10,75176.0000,60,B,12.5200,12.5100,12.5000,12.4900,12.4800,12.5300,12.5400,12.5500,12.5600,12.5700,861,1024,1523,1480,1655,362,209,860,1124,1006
SZ,000001,2019-06-13 09:54:00,12.5200,1,3760.0000,3,S,12.5200,12.5100,12.5000,12.4900,12.4800,12.5300,12.5400,12.5500,12.5600,12.5700,888,1024,1533,1480,1655,367,209,860,1124,1006
SZ,000001,2019-06-13 09:54:03,12.5300,3,130312.0000,104,B,12.5200,12.5100,12.5000,12.4900,12.4800,12.5300,12.5400,12.5500,12.5600,12.5700,894,1023,1533,1480,1655,336,209,860,1124,1006
SZ,000001,2019-06-13 09:54:06,12.5200,6,185296.0000,148,S,12.5200,12.5100,12.5000,12.4900,12.4800,12.5300,12.5400,12.5500,12.5600,12.5700,751,1041,1533,1480,1597,333,82,860,1124,1006
SZ,000001,2019-06-13 09:54:09,12.5200,10,92696.0000,74,S,12.5200,12.5100,12.5000,12.4900,12.4800,12.5300,12.5400,12.5500,12.5600,12.5700,726,1041,1533,1480,1497,284,82,860,1124,1006
SZ,000001,2019-06-13 09:54:12,12.5200,2,5008.0000,4,S,12.5200,12.5100,12.5000,12.4900,12.4800,12.5300,12.5400,12.5500,12.5600,12.5700,723,1041,1533,1480,1497,296,94,860,1124,1006
SZ,000001,2019-06-13 09:54:15,12.5300,8,112688.0000,90,B,12.5200,12.5100,12.5000,12.4900,12.4800,12.5300,12.5400,12.5500,12.5600,12.5700,636,1026,1556,1480,1497,293,94,860,1124,1006
SZ,000001,2019-06-13 09:54:18,12.5200,3,60096.0000,48,S,12.5200,12.5100,12.5000,12.4900,12.4800,12.5300,12.5400,12.5500,12.5600,12.5700,590,1026,1556,1480,1497,293,94,860,1124,1005
SZ,000001,2019-06-13 09:54:21,12.5200,7,36328.0000,29,S,12.5200,12.5100,12.5000,12.4900,12.4800,12.5300,12.5400,12.5500,12.5600,12.5700,583,1020,1556,1480,1497,271,133,860,1124,1005
SZ,000001,2019-06-13 09:54:24,12.5300,2,8768.0000,7,B,12.5200,12.5100,12.5000,12.4900,12.4800,12.5300,12.5400,12.5500,12.5600,12.5700,584,1020,1556,1480,1497,269,133,860,1124,1005
SZ,000001,2019-06-13 09:54:27,12.5300,1,12528.0000,10,B,12.5200,12.5100,12.5000,12.4900,12.4800,12.5300,12.5400,12.5500,12.5600,12.5700,590,1040,1566,1480,1497,259,133,860,1124,1005
SZ,000001,2019-06-13 09:54:30,12.5300,6,30072.0000,24,B,12.5200,12.5100,12.5000,12.4900,12.4800,12.5300,12.5400,12.5500,12.5600,12.5700,591,1040,1566,1480,1497,235,133,860,1124,1005
SZ,000001,2019-06-13 09:54:33,12.5300,1,3760.0000,3,B,12.5200,12.5100,12.5000,12.4900,12.4800,12.5300,12.5400,12.5500,12.5600,12.5700,611,1040,1566,1480,1497,232,153,910,1150,1005
SZ,000001,2019-06-13 09:54:36,12.5200,3,42584.0000,34,S,12.5200,12.5100,12.5000,12.4900,12.4800,12.5300,12.5400,12.5500,12.5600,12.5700,591,1060,1566,1490,1497,218,153,910,1150,1005
SZ,000001,2019-06-13 09:54:39,12.5200,4,67616.0000,54,S,12.5200,12.5100,12.5000,12.4900,12.4800,12.5300,12.5400,12.5500,12.5600,12.5700,540,1060,1566,1490,1522,141,153,910,1150,1002
SZ,000001,2019-06-13 09:54:42,12.5300,4,23808.0000,19,B,12.5200,12.5100,12.5000,12.4900,12.4800,12.5300,12.5400,12.5500,12.5600,12.5700,550,1060,1566,1490,1522,127,153,905,1150,1002
SZ,000001,2019-06-13 09:54:45,12.5200,4,169016.0000,135,S,12.5200,12.5100,12.5000,12.4900,12.4800,12.5300,12.5400,12.5500,12.5600,12.5700,416,1060,1566,1490,1522,124,126,905,1150,1002
SZ,000001,2019-06-13 09:54:51,12.5300,2,15024.0000,12,B,12.5200,12.5100,12.5000,12.4900,12.4800,12.5300,12.5400,12.5500,12.5600,12.5700,405,1060,1566,1490,1522,126,126,905,1147,1002
SZ,000001,2019-06-13 09:54:54,12.5300,4,21304.0000,17,B,12.5200,12.5100,12.5000,12.4900,12.4800,12.5300,12.5400,12.5500,12.5600,12.5700,420,1060,1566,1490,1522,109,126,905,1147,1002
SZ,000001,2019-06-13 09:55:00,12.5300,2,7520.0000,6,B,12.5200,12.5100,12.5000,12.4900,12.4800,12.5300,12.5400,12.5500,12.5600,12.5700,1143,1070,1566,1491,1522,259,126,899,1147,1003
SZ,000001,2019-06-13 09:55:03,12.5300,7,70168.0000,56,B,12.5200,12.5100,12.5000,12.4900,12.4800,12.5300,12.5400,12.5500,12.5600,12.5700,1184,1070,1566,1491,1528,208,126,899,1147,1003
SZ,000001,2019-06-13 09:55:06,12.5300,9,60144.0000,48,B,12.5200,12.5100,12.5000,12.4900,12.4800,12.5300,12.5400,12.5500,12.5600,12.5700,1391,1072,1566,1491,1523,174,126,899,1147,1003
SZ,000001,2019-06-13 09:55:09,12.5200,33,1044192.0000,834,S,12.5200,12.5100,12.5000,12.4900,12.4800,12.5300,12.5400,12.5500,12.5600,12.5700,582,1072,1566,1491,1523,252,126,899,1147,1003
SZ,000001,2019-06-13 09:55:12,12.5300,3,219208.0000,175,B,12.5200,12.5100,12.5000,12.4900,12.4800,12.5300,12.5400,12.5500,12.5600,12.5700,597,1071,1566,1491,1523,145,126,899,1147,1003
SZ,000001,2019-06-13 09:55:15,12.5200,9,127728.0000,102,S,12.5200,12.5100,12.5000,12.4900,12.4800,12.5300,12.5400,12.5500,12.5600,12.5700,522,1071,1566,1499,1523,146,136,899,1147,1003
SZ,000001,2019-06-13 09:55:18,12.5200,3,83880.0000,67,S,12.5200,12.5100,12.5000,12.4900,12.4800,12.5300,12.5400,12.5500,12.5600,12.5700,455,1071,1574,1499,1523,1232,136,899,1147,1003
SZ,000001,2019-06-13 09:55:21,12.5200,14,600944.0000,480,S,12.5100,12.5000,12.4900,12.4800,12.4700,12.5200,12.5300,12.5400,12.5500,12.5600,1049,1574,1499,1523,1176,841,1234,136,899,1147
SZ,000001,2019-06-13 09:55:24,12.5100,9,163880.0000,131,S,12.5100,12.5000,12.4900,12.4800,12.4700,12.5200,12.5300,12.5400,12.5500,12.5600,924,1574,1499,1523,1176,938,1167,137,899,1147
SZ,000001,2019-06-13 09:55:27,12.5200,8,116368.0000,93,B,12.5100,12.5000,12.4900,12.4800,12.4700,12.5200,12.5300,12.5400,12.5500,12.5600,913,1574,1499,1521,1176,809,1177,137,899,1147
SZ,000001,2019-06-13 09:55:30,12.5100,6,41280.0000,33,S,12.5100,12.5000,12.4900,12.4800,12.4700,12.5200,12.5300,12.5400,12.5500,12.5600,883,1574,1499,1521,1176,809,1181,145,899,1147
SZ,000001,2019-06-13 09:55:33,12.5200,9,85096.0000,68,B,12.5100,12.5000,12.4900,12.4800,12.4700,12.5200,12.5300,12.5400,12.5500,12.5600,851,1574,1499,1522,1176,587,1181,145,899,1147
SZ,000001,2019-06-13 09:55:36,12.5200,6,33792.0000,27,B,12.5100,12.5000,12.4900,12.4800,12.4700,12.5200,12.5300,12.5400,12.5500,12.5600,842,1574,1499,1522,1176,569,1181,145,899,1147
SZ,000001,2019-06-13 09:55:39,12.5100,8,222680.0000,178,S,12.5100,12.5000,12.4900,12.4800,12.4700,12.5200,12.5300,12.5400,12.5500,12.5600,664,1574,1499,1522,1176,562,1164,145,899,1147
SZ,000001,2019-06-13 09:55:42,12.5100,5,115096.0000,92,S,12.5100,12.5000,12.4900,12.4800,12.4700,12.5200,12.5300,12.5400,12.5500,12.5600,577,1574,1499,1522,1176,579,1164,106,899,1147
SZ,000001,2019-06-13 09:55:45,12.5100,10,75064.0000,60,S,12.5100,12.5000,12.4900,12.4800,12.4700,12.5200,12.5300,12.5400,12.5500,12.5600,574,1582,1499,1525,1176,569,1064,116,902,1147
SZ,000001,2019-06-13 09:55:48,12.5100,15,218944.0000,175,S,12.5100,12.5000,12.4900,12.4800,12.4700,12.5200,12.5300,12.5400,12.5500,12.5600,426,1582,1499,1525,1176,426,1059,116,902,1147
SZ,000001,2019-06-13 09:55:51,12.5100,16,311504.0000,249,S,12.5100,12.5000,12.4900,12.4800,12.4700,12.5200,12.5300,12.5400,12.5500,12.5600,180,1599,1499,1525,1176,430,1059,116,902,1147
SZ,000001,2019-06-13 09:55:54,12.5100,17,91352.0000,73,S,12.5100,12.5000,12.4900,12.4800,12.4700,12.5200,12.5300,12.5400,12.5500,12.5600,140,1581,1499,1525,1176,403,1059,116,912,1147
SZ,000001,2019-06-13 09:55:57,12.5100,6,37544.0000,30,S,12.5100,12.5000,12.4900,12.4800,12.4700,12.5200,12.5300,12.5400,12.5500,12.5600,125,1581,1499,1525,1176,468,1059,116,912,1147
SZ,000001,2019-06-13 09:56:00,12.5100,9,48816.0000,39,S,12.5100,12.5000,12.4900,12.4800,12.4700,12.5200,12.5300,12.5400,12.5500,12.5600,113,1589,1499,1527,1176,435,1059,116,912,1147
SZ,000001,2019-06-13 09:56:03,12.5200,11,48808.0000,39,B,12.5100,12.5000,12.4900,12.4800,12.4700,12.5200,12.5300,12.5400,12.5500,12.5600,88,1609,1499,1527,1176,424,1050,116,912,1147
SZ,000001,2019-06-13 09:56:06,12.5100,1,12504.0000,10,S,12.5100,12.5000,12.4900,12.4800,12.4700,12.5200,12.5300,12.5400,12.5500,12.5600,98,1609,1499,1527,1176,424,1050,116,912,1147
SZ,000001,2019-06-13 09:56:09,12.5200,8,63824.0000,51,B,12.5100,12.5000,12.4900,12.4800,12.4700,12.5200,12.5300,12.5400,12.5500,12.5600,67,1609,1499,1527,1177,339,1050,116,912,1147
SZ,000001,2019-06-13 09:56:12,12.5100,4,17512.0000,14,S,12.5100,12.5000,12.4900,12.4800,12.4700,12.5200,12.5300,12.5400,12.5500,12.5600,53,1609,1499,1527,1167,347,1050,116,912,1147
SZ,000001,2019-06-13 09:56:15,12.5200,2,6264.0000,5,B,12.5100,12.5000,12.4900,12.4800,12.4700,12.5200,12.5300,12.5400,12.5500,12.5600,377,1609,1499,1527,1167,347,1050,116,912,1147
SZ,000001,2019-06-13 09:56:18,12.5100,3,37552.0000,30,S,12.5100,12.5000,12.4900,12.4800,12.4700,12.5200,12.5300,12.5400,12.5500,12.5600,367,1609,1498,1527,1167,325,1050,116,912,1147
SZ,000001,2019-06-13 09:56:21,12.5200,4,21280.0000,17,B,12.5100,12.5000,12.4900,12.4800,12.4700,12.5200,12.5300,12.5400,12.5500,12.5600,367,1619,1504,1537,1167,315,1078,116,912,1147
SZ,000001,2019-06-13 09:56:30,12.5200,38,514464.0000,411,B,12.5100,12.5000,12.4900,12.4800,12.4700,12.5300,12.5400,12.5500,12.5600,12.5700,262,1619,1504,1537,1207,1078,116,912,1147,973
SZ,000001,2019-06-13 09:56:33,12.5300,3,7520.0000,6,B,12.5200,12.5100,12.5000,12.4900,12.4800,12.5300,12.5400,12.5500,12.5600,12.5700,20,269,1618,1504,1537,1080,116,912,1147,973
SZ,000001,2019-06-13 09:56:36,12.5200,3,12520.0000,10,S,12.5200,12.5100,12.5000,12.4900,12.4800,12.5300,12.5400,12.5500,12.5600,12.5700,10,869,1618,1504,1537,1075,116,912,1147,973
SZ,000001,2019-06-13 09:56:39,12.5200,5,12520.0000,10,S,12.5100,12.5000,12.4900,12.4800,12.4700,12.5200,12.5300,12.5400,12.5500,12.5600,861,1619,1504,1537,1207,21,1075,116,914,1147
SZ,000001,2019-06-13 09:56:42,12.5100,7,40056.0000,32,S,12.5100,12.5000,12.4900,12.4800,12.4700,12.5300,12.5400,12.5500,12.5600,12.5700,851,1619,1504,1537,1207,1072,116,914,1152,973
SZ,000001,2019-06-13 09:56:48,12.5200,1,1256.0000,1,S,12.5200,12.5100,12.5000,12.4900,12.4800,12.5300,12.5400,12.5500,12.5600,12.5700,11,890,1647,1504,1537,1079,116,914,1152,973
SZ,000001,2019-06-13 09:56:51,12.5300,4,7512.0000,6,B,12.5200,12.5100,12.5000,12.4900,12.4800,12.5300,12.5400,12.5500,12.5600,12.5700,5,890,1747,1438,1537,1076,116,914,1152,973
SZ,000001,2019-06-13 09:56:54,12.5300,4,23808.0000,19,B,12.5200,12.5100,12.5000,12.4900,12.4800,12.5300,12.5400,12.5500,12.5600,12.5700,5,890,1747,1438,1537,1057,116,914,1152,973
SZ,000001,2019-06-13 09:56:57,12.5300,1,1248.0000,1,B,12.5200,12.5100,12.5000,12.4900,12.4800,12.5300,12.5400,12.5500,12.5600,12.5700,23,910,1747,1438,1537,1061,116,914,1152,973
SZ,000001,2019-06-13 09:57:03,12.5200,3,7520.0000,6,S,12.5200,12.5100,12.5000,12.4900,12.4800,12.5300,12.5400,12.5500,12.5600,12.5700,26,910,1741,1438,1480,1149,116,914,1152,981
SZ,000001,2019-06-13 09:57:06,12.5200,7,31320.0000,25,S,12.5200,12.5100,12.5000,12.4900,12.4800,12.5300,12.5400,12.5500,12.5600,12.5700,20,909,1741,1438,1480,1287,116,914,1152,981
SZ,000001,2019-06-13 09:57:09,12.5300,7,42568.0000,34,B,12.5200,12.5100,12.5000,12.4900,12.4800,12.5300,12.5400,12.5500,12.5600,12.5700,122,1109,1741,1438,1485,1297,116,914,1152,981
SZ,000001,2019-06-13 09:57:15,12.5300,2,21296.0000,17,B,12.5200,12.5100,12.5000,12.4900,12.4800,12.5300,12.5400,12.5500,12.5600,12.5700,150,1124,1749,1438,1485,1293,116,914,1172,781
SZ,000001,2019-06-13 09:57:18,12.5200,6,75144.0000,60,S,12.5200,12.5100,12.5000,12.4900,12.4800,12.5300,12.5400,12.5500,12.5600,12.5700,111,1144,1754,1438,1485,1274,116,914,1172,781
SZ,000001,2019-06-13 09:57:24,12.5300,4,140312.0000,112,B,12.5200,12.5100,12.5000,12.4900,12.4800,12.5300,12.5400,12.5500,12.5600,12.5700,86,1144,1757,1448,1485,1187,116,1100,1172,781
SZ,000001,2019-06-13 09:57:27,12.5300,4,22552.0000,18,B,12.5200,12.5100,12.5000,12.4900,12.4800,12.5300,12.5400,12.5500,12.5600,12.5700,99,1144,1757,1448,1485,1774,116,1100,1172,781
SZ,000001,2019-06-13 09:57:33,12.5300,6,82664.0000,66,B,12.5200,12.5100,12.5000,12.4900,12.4800,12.5300,12.5400,12.5500,12.5600,12.5700,170,1124,1757,1448,1485,1770,116,1100,1184,781
SZ,000001,2019-06-13 09:57:36,12.5200,4,63856.0000,51,S,12.5200,12.5100,12.5000,12.4900,12.4800,12.5300,12.5400,12.5500,12.5600,12.5700,123,1124,1747,1448,1485,1769,116,1100,1184,781
SZ,000001,2019-06-13 09:57:39,12.5200,12,105184.0000,84,S,12.5200,12.5100,12.5000,12.4900,12.4800,12.5300,12.5400,12.5500,12.5600,12.5700,61,1119,1747,1448,1485,1745,116,1100,1184,781
SZ,000001,2019-06-13 09:57:42,12.5200,2,20032.0000,16,S,12.5200,12.5100,12.5000,12.4900,12.4800,12.5300,12.5400,12.5500,12.5600,12.5700,55,1117,1749,1448,1485,1745,116,1100,1184,736
SZ,000001,2019-06-13 09:57:48,12.5200,5,57592.0000,46,S,12.5200,12.5100,12.5000,12.4900,12.4800,12.5300,12.5400,12.5500,12.5600,12.5700,9,1117,1771,1448,1485,1748,116,1100,1184,736
SZ,000001,2019-06-13 09:57:51,12.5200,5,28816.0000,23,S,12.5200,12.5100,12.5000,12.4900,12.4800,12.5300,12.5400,12.5500,12.5600,12.5700,13,1127,1771,1448,1485,1730,116,1100,1184,736
SZ,000001,2019-06-13 09:57:54,12.5000,27,1821176.0000,1456,S,12.5000,12.4900,12.4800,12.4700,12.4600,12.5200,12.5300,12.5400,12.5500,12.5600,1499,1448,1495,1209,1275,20,1725,116,1100,1184
SZ,000001,2019-06-13 09:57:57,12.5200,7,72632.0000,58,B,12.5100,12.5000,12.4900,12.4800,12.4700,12.5300,12.5400,12.5500,12.5600,12.5700,50,1503,1448,1495,1209,1694,116,1100,1189,736
SZ,000001,2019-06-13 09:58:00,12.5300,5,382168.0000,305,B,12.5100,12.5000,12.4900,12.4800,12.4700,12.5300,12.5400,12.5500,12.5600,12.5700,77,1503,1448,1501,1209,1490,104,1100,1189,736
SZ,000001,2019-06-13 09:58:03,12.5200,2,18776.0000,15,S,12.5100,12.5000,12.4900,12.4800,12.4700,12.5200,12.5300,12.5400,12.5500,12.5600,79,1503,1448,1501,1209,35,1490,104,1100,1189
SZ,000001,2019-06-13 09:58:09,12.5100,10,377592.0000,302,S,12.5000,12.4900,12.4800,12.4700,12.4600,12.5100,12.5200,12.5300,12.5400,12.5500,1301,1448,1501,1234,1273,29,40,1399,104,1100
SZ,000001,2019-06-13 09:58:12,12.5300,8,90120.0000,72,B,12.5200,12.5000,12.4900,12.4800,12.4700,12.5300,12.5400,12.5500,12.5600,12.5700,5,1310,1448,1501,1234,1536,104,1100,1189,769
SZ,000001,2019-06-13 09:58:15,12.5100,2,10008.0000,8,S,12.5100,12.5000,12.4900,12.4800,12.4700,12.5200,12.5300,12.5400,12.5500,12.5600,2,1311,1448,1501,1234,423,1388,104,1100,1189
SZ,000001,2019-06-13 09:58:18,12.5100,3,5008.0000,4,S,12.5100,12.5000,12.4900,12.4800,12.4700,12.5200,12.5300,12.5400,12.5500,12.5600,9,1311,1468,1501,1234,459,1309,104,1100,1189
SZ,000001,2019-06-13 09:58:21,12.5000,7,137528.0000,110,S,12.5100,12.5000,12.4900,12.4800,12.4700,12.5200,12.5300,12.5400,12.5500,12.5600,1,1224,1468,1501,1234,440,1314,91,1100,1189
SZ,000001,2019-06-13 09:58:24,12.5200,4,21288.0000,17,B,12.5100,12.5000,12.4900,12.4800,12.4700,12.5200,12.5300,12.5400,12.5500,12.5600,1,1224,1468,1501,1234,448,1314,91,1100,1189
SZ,000001,2019-06-13 09:58:30,12.5000,2,6248.0000,5,S,12.5100,12.5000,12.4900,12.4800,12.4700,12.5200,12.5300,12.5400,12.5500,12.5600,2,1459,1471,1510,1234,1051,713,91,1100,1189
SZ,000001,2019-06-13 09:58:33,12.5200,7,48832.0000,39,B,12.5100,12.5000,12.4900,12.4800,12.4700,12.5200,12.5300,12.5400,12.5500,12.5600,6,1470,1471,1510,1234,1013,713,91,1100,1189
SZ,000001,2019-06-13 09:58:36,12.5100,4,35024.0000,28,S,12.5000,12.4900,12.4800,12.4700,12.4600,12.5100,12.5200,12.5300,12.5400,12.5500,1501,1471,1510,1234,1276,114,1016,713,91,1100
SZ,000001,2019-06-13 09:58:39,12.5200,5,185152.0000,148,B,12.5100,12.5000,12.4900,12.4800,12.4700,12.5200,12.5300,12.5400,12.5500,12.5600,456,1533,1451,1510,1234,1005,713,91,1100,1194
SZ,000001,2019-06-13 09:58:42,12.5100,3,21280.0000,17,S,12.5100,12.5000,12.4900,12.4800,12.4700,12.5200,12.5300,12.5400,12.5500,12.5600,473,1548,1451,1510,1233,1011,713,91,1100,1198
SZ,000001,2019-06-13 09:58:45,12.5200,5,36296.0000,29,B,12.5100,12.5000,12.4900,12.4800,12.4700,12.5200,12.5300,12.5400,12.5500,12.5600,462,1560,1451,1510,1233,957,713,91,1100,1198
SZ,000001,2019-06-13 09:58:51,12.5200,2,40064.0000,32,B,12.5100,12.5000,12.4900,12.4800,12.4700,12.5200,12.5300,12.5400,12.5500,12.5600,475,1570,1451,1510,1233,922,713,83,1100,1198
SZ,000001,2019-06-13 09:58:54,12.5200,2,5000.0000,4,B,12.5100,12.5000,12.4900,12.4800,12.4700,12.5200,12.5300,12.5400,12.5500,12.5600,472,1570,1451,1510,1233,921,733,83,1100,1198
SZ,000001,2019-06-13 09:58:57,12.5100,5,127624.0000,102,S,12.5100,12.5000,12.4900,12.4800,12.4700,12.5200,12.5300,12.5400,12.5500,12.5600,414,1570,1451,1510,1233,973,733,73,1100,1198
SZ,000001,2019-06-13 09:59:00,12.5200,2,13776.0000,11,B,12.5100,12.5000,12.4900,12.4800,12.4700,12.5200,12.5300,12.5400,12.5500,12.5600,442,1570,1452,1510,1233,962,723,113,1100,1198
SZ,000001,2019-06-13 09:59:03,12.5100,19,616744.0000,493,S,12.5000,12.4900,12.4800,12.4700,12.4600,12.5100,12.5200,12.5300,12.5400,12.5500,1622,1452,1510,1233,1276,822,1136,723,113,1100
SZ,000001,2019-06-13 09:59:06,12.5100,6,76272.0000,61,B,12.5000,12.4900,12.4800,12.4700,12.4600,12.5100,12.5200,12.5300,12.5400,12.5500,1585,1452,1519,1233,1276,802,1108,723,113,1100
SZ,000001,2019-06-13 09:59:09,12.5100,4,80032.0000,64,B,12.5000,12.4900,12.4800,12.4700,12.4600,12.5100,12.5200,12.5300,12.5400,12.5500,1556,1452,1519,1238,1276,780,1106,733,164,1100
SZ,000001,2019-06-13 09:59:12,12.5100,4,73776.0000,59,B,12.5000,12.4900,12.4800,12.4700,12.4600,12.5100,12.5200,12.5300,12.5400,12.5500,1535,1452,1519,1238,1271,755,1106,733,164,1100
SZ,000001,2019-06-13 09:59:15,12.5100,7,137528.0000,110,B,12.5000,12.4900,12.4800,12.4700,12.4600,12.5100,12.5200,12.5300,12.5400,12.5500,1453,1453,1519,1238,1271,746,1106,733,164,1049
