市场代码,证券代码,时间,最新价,成交笔数,成交额,成交量,方向,买一价,买二价,买三价,买四价,买五价,卖一价,卖二价,卖三价,卖四价,卖五价,买一量,买二量,买三量,买四量,买五量,卖一量,卖二量,卖三量,卖四量,卖五量
SZ,000001,2019-06-06 09:25:03,11.9700,138,4985505.0000,4165,B,11.9600,11.9500,11.9400,11.9300,11.9200,11.9700,11.9800,11.9900,12.0000,12.0100,12,88,415,287,221,221,39,372,8,18
SZ,000001,2019-06-06 09:30:03,11.9700,36,544178.0000,455,B,11.9700,11.9600,11.9500,11.9400,11.9300,11.9800,11.9900,12.0000,12.0100,12.0200,896,358,400,497,403,19,370,453,28,2
SZ,000001,2019-06-06 09:30:06,11.9500,80,2256698.0000,1886,S,11.9400,11.9300,11.9200,11.9100,11.9000,11.9500,11.9600,11.9700,11.9800,11.9900,518,413,633,786,1198,3271,31,34,98,348
SZ,000001,2019-06-06 09:30:09,11.9400,21,2203484.0000,1844,S,11.9400,11.9300,11.9200,11.9100,11.9000,11.9500,11.9600,11.9700,11.9800,11.9900,427,413,635,786,1198,1635,35,9,10,348
SZ,000001,2019-06-06 09:30:12,11.9400,9,131375.0000,110,S,11.9400,11.9300,11.9200,11.9100,11.9000,11.9500,11.9600,11.9700,11.9800,11.9900,352,413,635,786,1198,1601,44,9,10,348
SZ,000001,2019-06-06 09:30:15,11.9400,5,273431.0000,229,S,11.9400,11.9300,11.9200,11.9100,11.9000,11.9500,11.9600,11.9700,11.9800,11.9900,128,413,635,786,1198,1596,44,828,10,348
SZ,000001,2019-06-06 09:30:18,11.9400,7,187613.0000,157,S,11.9400,11.9300,11.9200,11.9100,11.9000,11.9500,11.9600,11.9700,11.9800,11.9900,144,413,635,786,1198,1494,44,9,1,348
SZ,000001,2019-06-06 09:30:21,11.9400,14,236415.0000,198,S,11.9300,11.9200,11.9100,11.9000,11.8900,11.9400,11.9500,11.9600,11.9700,11.9900,413,548,786,1198,140,228,1491,44,9,348
SZ,000001,2019-06-06 09:30:24,11.9400,3,28656.0000,24,B,11.9300,11.9200,11.9100,11.9000,11.8900,11.9400,11.9500,11.9600,11.9700,11.9900,470,548,846,1218,140,221,1491,44,9,348
SZ,000001,2019-06-06 09:30:27,11.9400,4,187457.0000,157,B,11.9300,11.9200,11.9100,11.9000,11.8900,11.9400,11.9500,11.9600,11.9700,11.9900,488,548,849,1218,140,66,1491,44,9,348
SZ,000001,2019-06-06 09:30:30,11.9400,15,225602.0000,189,B,11.9400,11.9300,11.9200,11.9100,11.9000,11.9500,11.9600,11.9700,11.9900,12.0000,41,507,548,849,1248,1439,44,9,348,453
SZ,000001,2019-06-06 09:30:33,11.9400,13,236423.0000,198,S,11.9300,11.9200,11.9100,11.9000,11.8900,11.9400,11.9500,11.9600,11.9700,11.9900,492,476,849,1248,140,109,1428,44,9,348
SZ,000001,2019-06-06 09:30:36,11.9400,13,303256.0000,254,B,11.9400,11.9300,11.9200,11.9100,11.9000,11.9500,11.9600,11.9700,11.9900,12.0000,148,502,558,851,1248,1408,37,9,348,495
SZ,000001,2019-06-06 09:30:39,11.9500,10,572257.0000,479,B,11.9400,11.9300,11.9200,11.9100,11.9000,11.9500,11.9600,11.9700,11.9900,12.0000,61,473,558,851,1248,1078,37,9,348,495
SZ,000001,2019-06-06 09:30:42,11.9400,6,243729.0000,204,S,11.9400,11.9300,11.9200,11.9100,11.9000,11.9500,11.9600,11.9700,11.9900,12.0000,33,453,558,921,1248,925,37,9,348,495
SZ,000001,2019-06-06 09:30:45,11.9400,11,275973.0000,231,S,11.9300,11.9200,11.9100,11.9000,11.8900,11.9400,11.9500,11.9600,11.9700,11.9900,516,558,941,1248,140,88,766,15,9,348
SZ,000001,2019-06-06 09:30:48,11.9400,14,274672.0000,230,B,11.9400,11.9300,11.9200,11.9100,11.9000,11.9500,11.9600,11.9700,11.9900,12.0000,75,520,558,941,1248,714,15,9,348,495
SZ,000001,2019-06-06 09:30:51,11.9900,26,1700780.0000,1423,B,11.9600,11.9400,11.9300,11.9200,11.9100,11.9900,12.0000,12.0100,12.0200,12.0300,9,177,302,558,941,88,495,91,353,10
SZ,000001,2019-06-06 09:30:54,11.9800,1,3594.0000,3,S,11.9600,11.9500,11.9400,11.9300,11.9200,11.9800,11.9900,12.0000,12.0100,12.0200,196,1,332,242,558,7,88,495,91,353
SZ,000001,2019-06-06 09:30:57,11.9700,2,2395.0000,2,S,11.9700,11.9600,11.9500,11.9400,11.9300,11.9800,11.9900,12.0000,12.0100,12.0200,7,140,31,231,242,6,88,495,91,353
SZ,000001,2019-06-06 09:31:00,11.9700,10,179679.0000,150,S,11.9700,11.9600,11.9500,11.9400,11.9300,11.9900,12.0000,12.0100,12.0200,12.0300,6,139,50,284,245,88,495,91,353,10
SZ,000001,2019-06-06 09:31:03,11.9900,5,29963.0000,25,B,11.9700,11.9600,11.9500,11.9400,11.9300,11.9900,12.0000,12.0100,12.0200,12.0300,37,71,50,284,255,160,495,91,353,11
SZ,000001,2019-06-06 09:31:06,11.9700,4,14372.0000,12,S,11.9700,11.9600,11.9500,11.9400,11.9300,11.9900,12.0000,12.0100,12.0200,12.0300,533,10,50,384,455,180,495,91,2,11
SZ,000001,2019-06-06 09:31:09,12.0000,11,152288.0000,127,B,11.9800,11.9700,11.9600,11.9500,11.9400,11.9900,12.0000,12.0100,12.0200,12.0300,10,578,10,50,385,39,470,91,2,11
SZ,000001,2019-06-06 09:31:12,11.9800,7,49129.0000,41,S,11.9800,11.9700,11.9600,11.9500,11.9400,11.9900,12.0000,12.0100,12.0200,12.0300,95,510,10,80,385,38,470,91,52,11
SZ,000001,2019-06-06 09:31:15,11.9900,5,41962.0000,35,B,11.9800,11.9700,11.9600,11.9500,11.9400,11.9900,12.0000,12.0100,12.0200,12.0300,99,506,10,80,387,6,480,91,52,11
SZ,000001,2019-06-06 09:31:18,12.0000,6,56393.0000,47,B,11.9900,11.9800,11.9700,11.9600,11.9500,12.0000,12.0100,12.0200,12.0300,12.0400,34,57,510,10,80,480,91,52,11,94
SZ,000001,2019-06-06 09:31:21,12.0000,4,40790.0000,34,B,11.9900,11.9800,11.9700,11.9600,11.9500,12.0000,12.0100,12.0200,12.0300,12.0400,64,189,520,10,80,457,91,52,11,94
SZ,000001,2019-06-06 09:31:24,11.9900,4,23980.0000,20,S,11.9900,11.9800,11.9700,11.9600,11.9500,12.0000,12.0100,12.0200,12.0300,12.0400,53,185,520,1,106,485,91,52,11,94
SZ,000001,2019-06-06 09:31:27,12.0000,5,147599.0000,123,B,11.9900,11.9800,11.9700,11.9600,11.9500,12.0000,12.0100,12.0200,12.0300,12.0400,72,185,525,1,127,363,84,52,11,94
SZ,000001,2019-06-06 09:31:30,12.0000,16,536097.0000,447,B,11.9800,11.9700,11.9600,11.9500,11.9400,12.0000,12.0100,12.0200,12.0300,12.0400,221,525,1,127,391,219,100,52,11,94
SZ,000001,2019-06-06 09:31:33,12.0000,4,25200.0000,21,B,11.9800,11.9700,11.9600,11.9500,11.9400,12.0000,12.0100,12.0200,12.0300,12.0400,432,525,1,127,391,199,100,52,21,102
SZ,000001,2019-06-06 09:31:36,11.9900,3,62348.0000,52,S,11.9900,11.9800,11.9700,11.9600,11.9500,12.0000,12.0100,12.0200,12.0300,12.0400,52,508,525,1,127,199,100,52,21,102
SZ,000001,2019-06-06 09:31:39,11.9900,5,31183.0000,26,S,11.9900,11.9800,11.9700,11.9600,11.9500,12.0000,12.0100,12.0200,12.0300,12.0400,292,343,526,210,127,190,100,52,21,118
SZ,000001,2019-06-06 09:31:42,12.0100,17,354861.0000,296,B,12.0100,12.0000,11.9900,11.9800,11.9700,12.0200,12.0300,12.0400,12.0500,12.0600,169,1760,266,307,526,52,21,118,1258,841
SZ,000001,2019-06-06 09:31:45,12.0200,10,129823.0000,108,B,12.0200,12.0100,12.0000,11.9900,11.9800,12.0300,12.0400,12.0500,12.0600,12.0700,253,160,1749,50,203,14,118,1258,841,168
SZ,000001,2019-06-06 09:31:48,12.0300,7,61352.0000,51,B,12.0300,12.0200,12.0100,12.0000,11.9900,12.0400,12.0500,12.0600,12.0700,12.0800,82,209,58,1779,49,129,1258,841,168,388
SZ,000001,2019-06-06 09:31:51,12.0400,8,181760.0000,151,B,12.0300,12.0200,12.0100,12.0000,11.9900,12.0400,12.0500,12.0600,12.0700,12.0800,204,168,4,1789,8,161,1258,841,168,388
SZ,000001,2019-06-06 09:31:54,12.0300,7,109526.0000,91,S,12.0300,12.0200,12.0000,11.9900,11.9800,12.0400,12.0500,12.0600,12.0700,12.0800,185,231,1790,8,127,38,1258,841,168,388
SZ,000001,2019-06-06 09:31:57,12.0500,14,154094.0000,128,B,12.0400,12.0300,12.0200,12.0000,11.9900,12.0500,12.0600,12.0700,12.0800,12.0900,148,120,186,1790,8,1239,841,168,388,1164
SZ,000001,2019-06-06 09:32:00,12.0400,18,372024.0000,309,S,12.0300,12.0200,12.0100,12.0000,11.9900,12.0400,12.0500,12.0600,12.0700,12.0800,107,186,2,1749,8,18,1319,841,168,388
SZ,000001,2019-06-06 09:32:03,12.0400,17,205772.0000,171,B,12.0200,12.0100,12.0000,11.9900,11.9800,12.0400,12.0500,12.0600,12.0700,12.0800,186,2,1759,18,131,30,1332,841,146,388
SZ,000001,2019-06-06 09:32:06,12.0000,20,247606.0000,206,S,12.0000,11.9900,11.9800,11.9700,11.9600,12.0200,12.0400,12.0500,12.0600,12.0700,1819,18,131,526,310,43,136,1502,841,146
SZ,000001,2019-06-06 09:32:09,12.0000,2,97200.0000,81,S,12.0000,11.9900,11.9800,11.9700,11.9600,12.0200,12.0400,12.0500,12.0600,12.0700,1859,18,127,531,310,55,658,1518,841,146
SZ,000001,2019-06-06 09:32:12,12.0000,4,8400.0000,7,S,12.0000,11.9900,11.9800,11.9700,11.9600,12.0200,12.0300,12.0400,12.0500,12.0600,1853,18,127,531,310,135,3,971,1519,841
SZ,000001,2019-06-06 09:32:15,12.0200,2,32404.0000,27,B,12.0000,11.9900,11.9800,11.9700,11.9600,12.0200,12.0300,12.0400,12.0500,12.0600,1832,18,127,531,310,133,21,1054,1529,841
SZ,000001,2019-06-06 09:32:18,12.0200,9,276454.0000,230,B,12.0000,11.9900,11.9800,11.9700,11.9600,12.0200,12.0300,12.0400,12.0500,12.0600,1964,18,127,531,310,80,31,1067,1529,841
SZ,000001,2019-06-06 09:32:21,12.0000,5,48054.0000,40,S,12.0000,11.9900,11.9800,11.9700,11.9600,12.0100,12.0200,12.0300,12.0400,12.0500,1973,21,127,531,310,3,109,81,826,1529
SZ,000001,2019-06-06 09:32:24,12.0100,7,52866.0000,44,B,12.0100,12.0000,11.9900,11.9800,11.9700,12.0200,12.0300,12.0400,12.0500,12.0600,127,1969,21,127,531,288,376,850,1563,841
SZ,000001,2019-06-06 09:32:27,12.0200,17,213776.0000,178,B,12.0100,12.0000,11.9900,11.9800,11.9700,12.0200,12.0300,12.0400,12.0500,12.0600,10,1857,21,127,531,293,513,860,1573,849
SZ,000001,2019-06-06 09:32:30,12.0100,5,44436.0000,37,S,12.0000,11.9900,11.9800,11.9700,11.9600,12.0100,12.0200,12.0300,12.0400,12.0500,1865,21,127,531,360,18,532,523,880,1981
SZ,000001,2019-06-06 09:32:33,12.0100,10,70862.0000,59,B,12.0000,11.9900,11.9800,11.9700,11.9600,12.0100,12.0200,12.0300,12.0400,12.0500,1958,18,127,531,360,17,625,523,979,2045
SZ,000001,2019-06-06 09:32:36,12.0100,14,465742.0000,388,B,12.0000,11.9900,11.9800,11.9700,11.9600,12.0100,12.0200,12.0300,12.0400,12.0500,1824,18,127,533,360,19,625,298,1052,2034
SZ,000001,2019-06-06 09:32:39,12.0100,5,262802.0000,219,B,12.0000,11.9900,11.9800,11.9700,11.9600,12.0100,12.0200,12.0300,12.0400,12.0500,1640,18,127,533,360,28,605,308,1032,2035
SZ,000001,2019-06-06 09:32:42,12.0000,5,38410.0000,32,S,12.0000,11.9900,11.9800,11.9700,11.9600,12.0100,12.0200,12.0300,12.0400,12.0500,1621,18,127,533,360,44,605,329,1109,2178
SZ,000001,2019-06-06 09:32:45,12.0100,12,940828.0000,784,B,12.0000,11.9900,11.9800,11.9700,11.9600,12.0100,12.0200,12.0300,12.0400,12.0500,866,199,132,533,360,47,610,329,1119,2177
SZ,000001,2019-06-06 09:32:48,12.0000,6,86400.0000,72,S,12.0000,11.9900,11.9800,11.9700,11.9600,12.0100,12.0200,12.0300,12.0400,12.0500,836,199,132,533,360,78,610,329,941,2207
SZ,000001,2019-06-06 09:32:51,12.0100,20,548660.0000,457,B,12.0000,11.9900,11.9800,11.9700,11.9600,12.0100,12.0200,12.0300,12.0400,12.0500,630,199,132,533,360,23,609,299,941,2197
SZ,000001,2019-06-06 09:32:54,12.0100,9,150004.0000,125,B,12.0000,11.9900,11.9800,11.9700,11.9600,12.0100,12.0200,12.0300,12.0400,12.0500,607,199,137,536,360,58,620,309,941,2214
SZ,000001,2019-06-06 09:32:57,12.0100,8,62436.0000,52,B,12.0000,11.9900,11.9800,11.9700,11.9600,12.0100,12.0200,12.0300,12.0400,12.0500,595,199,137,536,363,173,598,319,941,2319
SZ,000001,2019-06-06 09:33:00,12.0000,14,261808.0000,218,S,12.0000,11.9900,11.9800,11.9700,11.9600,12.0100,12.0200,12.0300,12.0400,12.0500,716,199,137,536,363,63,598,819,941,2324
SZ,000001,2019-06-06 09:33:03,12.0100,15,258124.0000,215,B,12.0000,11.9900,11.9800,11.9700,11.9600,12.0100,12.0200,12.0300,12.0400,12.0500,677,199,137,36,363,18,598,832,968,2324
SZ,000001,2019-06-06 09:33:06,12.0100,32,570148.0000,475,B,12.0000,11.9900,11.9800,11.9700,11.9600,12.0100,12.0200,12.0300,12.0400,12.0500,301,189,137,36,363,14,568,832,954,2324
SZ,000001,2019-06-06 09:33:09,12.0000,13,242612.0000,202,S,12.0100,12.0000,11.9900,11.9800,11.9700,12.0200,12.0300,12.0400,12.0500,12.0600,30,212,189,132,36,553,822,1049,2344,869
SZ,000001,2019-06-06 09:33:12,12.0100,6,99748.0000,83,S,12.0100,12.0000,11.9900,11.9800,11.9700,12.0200,12.0300,12.0400,12.0500,12.0600,25,211,189,127,36,491,812,1049,2354,869
SZ,000001,2019-06-06 09:33:15,12.0100,10,74488.0000,62,S,12.0100,12.0000,11.9900,11.9800,11.9700,12.0200,12.0300,12.0400,12.0500,12.0600,18,207,189,132,66,491,812,1049,2354,869
SZ,000001,2019-06-06 09:33:18,12.0000,17,298930.0000,249,S,12.0100,12.0000,11.9900,11.9800,11.9700,12.0200,12.0300,12.0400,12.0500,12.0600,58,91,189,132,66,484,809,1049,2396,869
SZ,000001,2019-06-06 09:33:21,12.0000,24,399940.0000,333,S,11.9900,11.9800,11.9700,11.9600,11.9500,12.0000,12.0100,12.0200,12.0300,12.0400,189,132,66,319,120,193,16,368,831,1049
SZ,000001,2019-06-06 09:33:24,12.0000,9,63594.0000,53,B,11.9900,11.9800,11.9700,11.9600,11.9500,12.0000,12.0100,12.0200,12.0300,12.0400,351,132,66,319,120,172,36,388,831,1049
SZ,000001,2019-06-06 09:33:27,12.0000,9,75600.0000,63,B,11.9900,11.9800,11.9700,11.9600,11.9500,12.0000,12.0100,12.0200,12.0300,12.0400,389,132,66,319,140,125,55,434,831,1069
SZ,000001,2019-06-06 09:33:30,12.0000,13,190792.0000,159,B,12.0000,11.9900,11.9800,11.9700,11.9600,12.0100,12.0200,12.0300,12.0400,12.0500,28,420,132,66,319,69,443,831,1069,2356
SZ,000001,2019-06-06 09:33:33,12.0000,16,382124.0000,318,S,12.0000,11.9900,11.9800,11.9700,11.9600,12.0100,12.0200,12.0300,12.0400,12.0500,16,425,132,66,319,11,221,831,1069,2356
SZ,000001,2019-06-06 09:33:36,12.0100,9,30000.0000,25,B,12.0000,11.9900,11.9800,11.9700,11.9600,12.0100,12.0200,12.0300,12.0400,12.0500,601,319,132,66,319,197,221,841,1069,2356
SZ,000001,2019-06-06 09:33:39,12.0000,5,61208.0000,51,S,12.0000,11.9900,11.9800,11.9700,11.9600,12.0100,12.0200,12.0300,12.0400,12.0500,625,319,132,66,319,228,216,844,1069,2368
SZ,000001,2019-06-06 09:33:42,12.0000,2,32400.0000,27,S,12.0000,11.9900,11.9800,11.9700,11.9600,12.0100,12.0200,12.0300,12.0400,12.0500,604,411,132,66,319,228,232,844,1069,2368
SZ,000001,2019-06-06 09:33:45,12.0000,3,145200.0000,121,S,12.0000,11.9900,11.9800,11.9700,11.9600,12.0100,12.0200,12.0300,12.0400,12.0500,825,412,132,66,319,231,332,896,1294,2370
SZ,000001,2019-06-06 09:33:48,12.0000,4,44428.0000,37,S,12.0000,11.9900,11.9800,11.9700,11.9600,12.0100,12.0200,12.0300,12.0400,12.0500,814,412,132,78,319,181,315,896,1304,2491
SZ,000001,2019-06-06 09:33:51,12.0000,6,43204.0000,36,S,12.0000,11.9900,11.9800,11.9700,11.9600,12.0100,12.0200,12.0300,12.0400,12.0500,782,415,142,78,319,188,325,896,1304,2491
SZ,000001,2019-06-06 09:33:54,12.0100,7,96054.0000,80,B,12.0000,11.9900,11.9800,11.9700,11.9600,12.0100,12.0200,12.0300,12.0400,12.0500,854,415,151,78,319,164,325,896,1304,2491
SZ,000001,2019-06-06 09:33:57,12.0100,5,32424.0000,27,B,12.0000,11.9900,11.9800,11.9700,11.9600,12.0100,12.0200,12.0300,12.0400,12.0500,876,415,151,78,319,161,325,951,1295,2491
SZ,000001,2019-06-06 09:34:00,12.0000,15,208934.0000,174,S,12.0000,11.9900,11.9800,11.9700,11.9600,12.0100,12.0200,12.0300,12.0400,12.0500,835,415,151,78,319,136,325,951,1295,2491
SZ,000001,2019-06-06 09:34:03,12.0100,8,134452.0000,112,B,12.0000,11.9900,11.9800,11.9700,11.9600,12.0100,12.0200,12.0300,12.0400,12.0500,845,415,151,78,319,92,334,951,1306,2491
SZ,000001,2019-06-06 09:34:06,12.0000,11,136912.0000,114,S,12.0000,11.9900,11.9800,11.9700,11.9600,12.0100,12.0200,12.0300,12.0400,12.0500,917,415,151,78,319,88,342,964,1306,2491
SZ,000001,2019-06-06 09:34:09,12.0100,12,208892.0000,174,B,12.0100,12.0000,11.9900,11.9800,11.9700,12.0200,12.0300,12.0400,12.0500,12.0600,36,833,415,151,78,356,964,1306,2491,871
SZ,000001,2019-06-06 09:34:12,12.0100,3,15612.0000,13,S,12.0100,12.0000,11.9900,11.9800,11.9700,12.0200,12.0300,12.0400,12.0500,12.0600,190,806,415,151,78,356,959,1306,2492,871
SZ,000001,2019-06-06 09:34:15,12.0200,2,4808.0000,4,B,12.0100,12.0000,11.9900,11.9800,11.9700,12.0200,12.0300,12.0400,12.0500,12.0600,370,802,415,151,78,431,965,1306,2492,871
SZ,000001,2019-06-06 09:34:18,12.0100,5,132112.0000,110,S,12.0100,12.0000,11.9900,11.9800,11.9700,12.0200,12.0300,12.0400,12.0500,12.0600,323,781,415,151,78,429,965,1306,2509,873
SZ,000001,2019-06-06 09:34:21,12.0200,11,105720.0000,88,B,12.0100,12.0000,11.9900,11.9800,11.9700,12.0200,12.0300,12.0400,12.0500,12.0600,284,781,415,151,78,402,1208,1306,2509,873
SZ,000001,2019-06-06 09:34:24,12.0000,14,470684.0000,392,S,12.0000,11.9900,11.9800,11.9700,11.9600,12.0100,12.0200,12.0300,12.0400,12.0500,674,417,151,78,319,3036,510,1226,1307,2529
SZ,000001,2019-06-06 09:34:27,12.0100,4,28816.0000,24,B,12.0000,11.9900,11.9800,11.9700,11.9600,12.0100,12.0200,12.0300,12.0400,12.0500,651,349,151,78,319,3084,526,1094,1307,2529
SZ,000001,2019-06-06 09:34:30,12.0000,3,90000.0000,75,S,12.0000,11.9900,11.9800,11.9700,11.9600,12.0100,12.0200,12.0300,12.0400,12.0500,580,349,151,78,319,3085,526,1084,1297,2529
SZ,000001,2019-06-06 09:34:33,12.0000,18,699598.0000,583,S,11.9900,11.9800,11.9700,11.9600,11.9500,12.0000,12.0100,12.0200,12.0300,12.0400,338,154,78,319,151,124,3100,510,1084,2025
SZ,000001,2019-06-06 09:34:36,12.0000,5,72000.0000,60,B,11.9900,11.9800,11.9700,11.9600,11.9500,12.0000,12.0100,12.0200,12.0300,12.0400,299,75,78,319,151,67,3116,512,1092,2025
SZ,000001,2019-06-06 09:34:39,12.0000,14,387282.0000,323,B,11.9800,11.9700,11.9600,11.9500,11.9400,12.0000,12.0100,12.0200,12.0300,12.0400,75,128,319,151,376,165,3219,512,1112,2025
SZ,000001,2019-06-06 09:34:42,11.9900,6,8392.0000,7,S,11.9800,11.9700,11.9600,11.9500,11.9400,11.9900,12.0000,12.0100,12.0200,12.0300,75,128,319,151,376,24,1292,3224,503,1128
SZ,000001,2019-06-06 09:34:45,11.9800,3,3596.0000,3,S,11.9800,11.9700,11.9600,11.9500,11.9400,11.9900,12.0000,12.0100,12.0200,12.0300,77,547,319,151,376,71,1317,3224,503,1128
SZ,000001,2019-06-06 09:34:48,11.9800,24,144948.0000,121,S,11.9700,11.9600,11.9500,11.9400,11.9300,11.9800,11.9900,12.0000,12.0100,12.0200,507,319,151,376,383,18,99,1317,3224,503
SZ,000001,2019-06-06 09:34:51,11.9700,2,2396.0000,2,S,11.9700,11.9600,11.9500,11.9400,11.9300,11.9800,11.9900,12.0000,12.0100,12.0200,506,319,151,376,383,26,101,1319,3224,503
SZ,000001,2019-06-06 09:34:54,11.9900,10,68312.0000,57,B,11.9800,11.9700,11.9600,11.9500,11.9400,11.9900,12.0000,12.0100,12.0200,12.0300,11,600,319,151,376,126,1339,3224,503,1128
SZ,000001,2019-06-06 09:34:57,11.9900,7,125896.0000,105,B,11.9800,11.9700,11.9600,11.9500,11.9400,11.9900,12.0000,12.0100,12.0200,12.0300,11,553,319,162,376,125,1369,3224,482,1128
SZ,000001,2019-06-06 09:35:00,11.9800,6,98236.0000,82,S,11.9700,11.9600,11.9500,11.9400,11.9300,11.9800,11.9900,12.0000,12.0100,12.0200,746,319,162,376,399,1,225,1399,3224,482
SZ,000001,2019-06-06 09:35:03,11.9800,17,119840.0000,100,B,11.9800,11.9700,11.9600,11.9500,11.9400,11.9900,12.0000,12.0100,12.0200,12.0300,51,699,320,162,376,202,1403,160,492,1128
SZ,000001,2019-06-06 09:35:06,11.9700,12,167644.0000,140,S,11.9700,11.9600,11.9500,11.9400,11.9300,11.9800,11.9900,12.0000,12.0100,12.0200,614,320,162,376,399,799,198,1413,157,492
SZ,000001,2019-06-06 09:35:09,11.9700,2,8380.0000,7,S,11.9700,11.9600,11.9500,11.9400,11.9300,11.9800,11.9900,12.0000,12.0100,12.0200,617,347,162,376,399,827,198,1411,157,492
SZ,000001,2019-06-06 09:35:12,11.9800,6,81400.0000,68,B,11.9700,11.9600,11.9500,11.9400,11.9300,11.9800,11.9900,12.0000,12.0100,12.0200,555,348,162,376,399,826,248,1409,259,492
SZ,000001,2019-06-06 09:35:15,11.9700,4,83792.0000,70,S,11.9700,11.9600,11.9500,11.9400,11.9300,11.9800,11.9900,12.0000,12.0100,12.0200,331,348,162,376,399,826,248,1405,259,492
SZ,000001,2019-06-06 09:35:18,11.9700,7,402192.0000,336,S,11.9600,11.9500,11.9400,11.9300,11.9200,11.9700,11.9800,11.9900,12.0000,12.0100,348,162,376,399,583,153,832,248,1411,243
SZ,000001,2019-06-06 09:35:21,11.9600,13,428196.0000,358,S,11.9500,11.9400,11.9300,11.9200,11.9100,11.9600,11.9700,11.9800,11.9900,12.0000,162,376,349,583,1069,83,623,909,190,1309
SZ,000001,2019-06-06 09:35:24,11.9500,26,376592.0000,315,S,11.9400,11.9300,11.9200,11.9100,11.9000,11.9500,11.9600,11.9700,11.9800,11.9900,279,349,583,1069,1467,21,100,882,909,156
SZ,000001,2019-06-06 09:35:27,11.9400,9,84818.0000,71,S,11.9400,11.9300,11.9200,11.9100,11.9000,11.9500,11.9600,11.9700,11.9800,11.9900,384,349,583,1069,1467,1,100,882,1403,156
SZ,000001,2019-06-06 09:35:30,11.9400,24,585166.0000,490,S,11.9300,11.9200,11.9100,11.9000,11.8900,11.9400,11.9500,11.9600,11.9700,11.9800,339,583,1069,1467,395,688,80,100,800,1407
SZ,000001,2019-06-06 09:35:33,11.9300,6,376094.0000,315,S,11.9300,11.9200,11.9100,11.9000,11.8900,11.9400,11.9500,11.9600,11.9700,11.9800,355,606,1069,1467,395,505,105,100,800,1402
SZ,000001,2019-06-06 09:35:36,11.9400,3,94326.0000,79,B,11.9300,11.9200,11.9100,11.9000,11.8900,11.9400,11.9500,11.9600,11.9700,11.9800,458,606,1042,1470,395,760,105,100,800,1402
SZ,000001,2019-06-06 09:35:39,11.9300,18,718768.0000,602,S,11.9300,11.9200,11.9100,11.9000,11.8900,11.9400,11.9500,11.9600,11.9700,11.9800,523,606,1092,1470,395,21,49,100,800,883
SZ,000001,2019-06-06 09:35:42,11.9400,14,284116.0000,238,B,11.9400,11.9300,11.9200,11.9100,11.9000,11.9500,11.9600,11.9700,11.9800,11.9900,16,450,606,1102,1470,30,67,800,879,155
SZ,000001,2019-06-06 09:35:45,11.9600,36,1282702.0000,1075,B,11.9500,11.9400,11.9200,11.9100,11.9000,11.9600,11.9700,11.9800,11.9900,12.0000,5,23,331,1102,1470,66,800,879,155,1281
SZ,000001,2019-06-06 09:35:48,11.9200,17,273256.0000,229,S,11.9200,11.9100,11.9000,11.8900,11.8800,11.9400,11.9500,11.9600,11.9700,11.9800,420,1103,1480,395,675,285,3,63,800,879
SZ,000001,2019-06-06 09:35:51,11.9400,10,69222.0000,58,B,11.9300,11.9200,11.9100,11.9000,11.8900,11.9400,11.9500,11.9600,11.9700,11.9800,84,601,1121,1480,395,262,3,63,800,879
SZ,000001,2019-06-06 09:35:54,11.9700,17,715732.0000,599,B,11.9600,11.9400,11.9300,11.9200,11.9100,11.9700,11.9800,11.9900,12.0000,12.0100,2,2,48,367,1122,749,879,151,1284,243
SZ,000001,2019-06-06 09:35:57,11.9600,12,45428.0000,38,S,11.9400,11.9300,11.9200,11.9100,11.9000,11.9600,11.9700,11.9800,11.9900,12.0000,1,442,387,1122,1483,16,750,878,151,1284
SZ,000001,2019-06-06 09:36:00,11.9600,9,136012.0000,114,B,11.9400,11.9300,11.9200,11.9100,11.9000,11.9600,11.9700,11.9800,11.9900,12.0000,1,360,427,1132,1483,21,765,878,151,1274
SZ,000001,2019-06-06 09:36:03,11.9700,11,46636.0000,39,B,11.9500,11.9400,11.9300,11.9200,11.9100,11.9700,11.9800,11.9900,12.0000,12.0100,47,38,360,545,1162,764,878,151,1274,243
SZ,000001,2019-06-06 09:36:06,11.9500,7,96848.0000,81,S,11.9500,11.9400,11.9300,11.9200,11.9100,11.9600,11.9700,11.9800,11.9900,12.0000,22,48,478,617,1162,129,766,854,151,1287
SZ,000001,2019-06-06 09:36:09,11.9500,4,26292.0000,22,S,11.9400,11.9300,11.9200,11.9100,11.9000,11.9500,11.9600,11.9700,11.9800,11.9900,48,478,617,1162,1682,1,138,766,854,170
SZ,000001,2019-06-06 09:36:12,11.9400,16,155376.0000,130,S,11.9400,11.9300,11.9200,11.9100,11.9000,11.9600,11.9700,11.9800,11.9900,12.0000,7,489,627,1182,1682,112,810,854,170,1287
SZ,000001,2019-06-06 09:36:18,11.9500,15,739020.0000,619,B,11.9300,11.9200,11.9100,11.9000,11.8900,11.9500,11.9600,11.9700,11.9800,11.9900,468,609,1182,1674,372,25,119,1251,864,170
SZ,000001,2019-06-06 09:36:21,11.9300,13,170628.0000,143,S,11.9300,11.9200,11.9100,11.9000,11.8900,11.9400,11.9500,11.9600,11.9700,11.9800,460,609,1182,1683,372,27,83,189,1251,869
SZ,000001,2019-06-06 09:36:24,11.9400,21,138496.0000,116,B,11.9300,11.9200,11.9100,11.9000,11.8900,11.9400,11.9500,11.9600,11.9700,11.9800,436,609,1182,1703,372,94,144,185,1251,869
SZ,000001,2019-06-06 09:36:27,11.9400,12,137312.0000,115,B,11.9300,11.9200,11.9100,11.9000,11.8900,11.9400,11.9500,11.9600,11.9700,11.9800,440,521,1192,1724,372,70,190,185,1251,869
SZ,000001,2019-06-06 09:36:30,11.9400,23,562028.0000,471,B,11.9300,11.9200,11.9100,11.9000,11.8900,11.9400,11.9500,11.9600,11.9700,11.9800,109,521,1192,1735,372,295,204,185,1251,869
SZ,000001,2019-06-06 09:36:33,11.9400,5,42976.0000,36,B,11.9300,11.9200,11.9100,11.9000,11.8900,11.9400,11.9500,11.9600,11.9700,11.9800,99,452,1192,1737,372,284,231,185,1207,869
SZ,000001,2019-06-06 09:36:36,11.9400,5,37012.0000,31,B,11.9300,11.9200,11.9100,11.9000,11.8900,11.9400,11.9500,11.9600,11.9700,11.9800,123,482,1201,1738,379,259,231,186,1207,869
SZ,000001,2019-06-06 09:36:39,11.9400,29,621828.0000,521,B,11.9200,11.9100,11.9000,11.8900,11.8800,11.9300,11.9500,11.9600,11.9700,11.9800,529,1201,1738,379,678,39,231,186,1207,869
SZ,000001,2019-06-06 09:36:42,11.9300,25,104968.0000,88,B,11.9300,11.9200,11.9100,11.9000,11.8900,11.9500,11.9600,11.9700,11.9800,11.9900,60,740,1200,1731,379,227,187,1207,869,191
SZ,000001,2019-06-06 09:36:45,11.9400,13,313024.0000,262,B,11.9300,11.9200,11.9100,11.9000,11.8900,11.9400,11.9600,11.9700,11.9800,11.9900,207,682,1215,1731,379,4,187,1707,869,190
SZ,000001,2019-06-06 09:36:48,11.9600,27,521524.0000,437,B,11.9400,11.9300,11.9200,11.9100,11.9000,11.9500,11.9600,11.9700,11.9800,11.9900,6,142,712,1225,1731,6,177,1707,882,190
SZ,000001,2019-06-06 09:36:51,11.9400,6,38256.0000,32,S,11.9300,11.9200,11.9100,11.9000,11.8900,11.9600,11.9700,11.9800,11.9900,12.0000,490,736,1205,1731,379,158,1708,882,190,1390
SZ,000001,2019-06-06 09:36:54,11.9400,4,28696.0000,24,S,11.9400,11.9300,11.9200,11.9100,11.9000,11.9500,11.9600,11.9700,11.9800,11.9900,99,664,748,1205,1731,9,137,1208,882,190
SZ,000001,2019-06-06 09:36:57,11.9400,17,59740.0000,50,S,11.9500,11.9400,11.9300,11.9200,11.9100,11.9600,11.9700,11.9800,11.9900,12.0000,1,77,669,786,1205,131,1208,950,190,1406
SZ,000001,2019-06-06 09:37:00,11.9600,11,45448.0000,38,B,11.9400,11.9300,11.9200,11.9100,11.9000,11.9600,11.9700,11.9800,11.9900,12.0000,190,712,1130,1205,1733,95,1208,1055,190,1406
SZ,000001,2019-06-06 09:37:03,11.9500,20,171064.0000,143,S,11.9500,11.9400,11.9300,11.9200,11.9100,11.9600,11.9700,11.9800,11.9900,12.0000,43,280,711,1126,1205,18,1165,1055,190,1419
SZ,000001,2019-06-06 09:37:06,11.9600,13,32288.0000,27,B,11.9500,11.9400,11.9300,11.9200,11.9100,11.9600,11.9700,11.9800,11.9900,12.0000,175,279,720,1145,1205,22,1220,1055,190,1419
SZ,000001,2019-06-06 09:37:09,11.9600,19,153068.0000,128,B,11.9500,11.9400,11.9300,11.9200,11.9100,11.9700,11.9800,11.9900,12.0000,12.0100,226,186,602,1045,1205,1220,1056,190,1619,132
SZ,000001,2019-06-06 09:37:12,11.9600,4,40684.0000,34,B,11.9600,11.9500,11.9400,11.9300,11.9200,11.9700,11.9800,11.9900,12.0000,12.0100,49,219,188,613,1045,1200,1056,190,1619,132
SZ,000001,2019-06-06 09:37:15,11.9700,5,95724.0000,80,B,11.9600,11.9500,11.9400,11.9300,11.9200,11.9700,11.9800,11.9900,12.0000,12.0100,168,380,181,621,1045,1164,1056,190,1619,132
SZ,000001,2019-06-06 09:37:18,11.9500,15,220048.0000,184,S,11.9500,11.9400,11.9300,11.9200,11.9100,11.9700,11.9800,11.9900,12.0000,12.0100,361,181,621,1035,1205,1164,1056,190,1619,132
SZ,000001,2019-06-06 09:37:21,11.9600,10,159116.0000,133,B,11.9600,11.9500,11.9400,11.9300,11.9200,11.9700,11.9800,11.9900,12.0000,12.0100,7,362,181,626,702,1226,1051,190,1619,132
SZ,000001,2019-06-06 09:37:24,11.9700,4,17944.0000,15,B,11.9600,11.9500,11.9400,11.9300,11.9200,11.9700,11.9800,11.9900,12.0000,12.0100,25,387,181,626,702,1238,1051,190,1619,142
SZ,000001,2019-06-06 09:37:27,11.9500,18,74136.0000,62,S,11.9500,11.9400,11.9300,11.9200,11.9100,11.9600,11.9700,11.9800,11.9900,12.0000,369,201,641,712,1205,352,1284,1051,190,1619
SZ,000001,2019-06-06 09:37:30,11.9600,1,23920.0000,20,B,11.9500,11.9400,11.9300,11.9200,11.9100,11.9600,11.9700,11.9800,11.9900,12.0000,377,201,659,712,1205,21,1173,1051,190,1602
SZ,000001,2019-06-06 09:37:33,11.9500,15,95684.0000,80,S,11.9500,11.9400,11.9300,11.9200,11.9100,11.9600,11.9700,11.9800,11.9900,12.0000,355,201,656,712,1205,18,1127,1051,190,1644
SZ,000001,2019-06-06 09:37:36,11.9500,16,95676.0000,80,S,11.9500,11.9400,11.9300,11.9200,11.9100,11.9600,11.9700,11.9800,11.9900,12.0000,452,203,658,739,1205,65,1117,1051,190,1647
SZ,000001,2019-06-06 09:37:39,11.9600,8,35880.0000,30,B,11.9500,11.9400,11.9300,11.9200,11.9100,11.9600,11.9700,11.9800,11.9900,12.0000,458,223,658,834,1205,261,1117,1051,190,1648
SZ,000001,2019-06-06 09:37:42,11.9600,5,15548.0000,13,B,11.9500,11.9400,11.9300,11.9200,11.9100,11.9600,11.9700,11.9800,11.9900,12.0000,460,223,658,844,1205,250,1115,1051,190,1648
SZ,000001,2019-06-06 09:37:45,11.9600,5,23920.0000,20,B,11.9500,11.9400,11.9300,11.9200,11.9100,11.9600,11.9700,11.9800,11.9900,12.0000,433,213,658,844,1205,230,1119,1051,190,1648
SZ,000001,2019-06-06 09:37:48,11.9600,4,124384.0000,104,B,11.9500,11.9400,11.9300,11.9200,11.9100,11.9600,11.9700,11.9800,11.9900,12.0000,424,213,658,881,1208,477,1119,1038,190,1648
SZ,000001,2019-06-06 09:37:51,11.9600,8,23920.0000,20,B,11.9500,11.9400,11.9300,11.9200,11.9100,11.9600,11.9700,11.9800,11.9900,12.0000,426,223,658,878,1208,491,1119,1041,190,1658
SZ,000001,2019-06-06 09:37:54,11.9500,4,47808.0000,40,S,11.9500,11.9400,11.9300,11.9200,11.9100,11.9600,11.9700,11.9800,11.9900,12.0000,409,253,658,884,1208,135,1211,912,190,1668
SZ,000001,2019-06-06 09:37:57,11.9600,4,37072.0000,31,B,11.9500,11.9400,11.9300,11.9200,11.9100,11.9600,11.9700,11.9800,11.9900,12.0000,419,281,310,889,1208,117,1211,912,190,1665
SZ,000001,2019-06-06 09:38:00,11.9600,11,139852.0000,117,B,11.9500,11.9400,11.9300,11.9200,11.9100,11.9600,11.9700,11.9800,11.9900,12.0000,393,281,310,889,1208,82,1211,912,190,1654
SZ,000001,2019-06-06 09:38:03,11.9700,16,202120.0000,169,B,11.9500,11.9400,11.9300,11.9200,11.9100,11.9600,11.9700,11.9800,11.9900,12.0000,392,281,595,936,1208,14,1182,912,190,1654
SZ,000001,2019-06-06 09:38:06,11.9500,26,341840.0000,286,S,11.9500,11.9400,11.9300,11.9200,11.9100,11.9700,11.9800,11.9900,12.0000,12.0100,223,281,590,918,1208,1169,912,190,1664,161
SZ,000001,2019-06-06 09:38:09,11.9600,22,239104.0000,200,B,11.9500,11.9400,11.9300,11.9200,11.9100,11.9600,11.9700,11.9800,11.9900,12.0000,227,281,590,938,1208,26,1339,912,190,1666
SZ,000001,2019-06-06 09:38:12,11.9500,11,156552.0000,131,S,11.9500,11.9400,11.9300,11.9200,11.9100,11.9600,11.9700,11.9800,11.9900,12.0000,113,291,620,938,1208,92,1337,912,190,1662
SZ,000001,2019-06-06 09:38:15,11.9600,6,71712.0000,60,B,11.9500,11.9400,11.9300,11.9200,11.9100,11.9600,11.9700,11.9800,11.9900,12.0000,93,291,620,938,1208,84,1337,812,190,1667
SZ,000001,2019-06-06 09:38:18,11.9600,4,33464.0000,28,B,11.9500,11.9400,11.9300,11.9200,11.9100,11.9600,11.9700,11.9800,11.9900,12.0000,68,291,626,918,1208,89,1337,812,190,1667
SZ,000001,2019-06-06 09:38:21,11.9400,18,534496.0000,447,S,11.9400,11.9300,11.9200,11.9100,11.9000,11.9500,11.9600,11.9700,11.9800,11.9900,267,626,955,1208,1765,12,104,1214,812,190
SZ,000001,2019-06-06 09:38:24,11.9500,9,80064.0000,67,B,11.9500,11.9400,11.9300,11.9200,11.9100,11.9600,11.9700,11.9800,11.9900,12.0000,67,207,626,965,1208,199,1214,812,190,1667
SZ,000001,2019-06-06 09:38:27,11.9500,6,88428.0000,74,S,11.9400,11.9300,11.9200,11.9100,11.9000,11.9500,11.9600,11.9700,11.9800,11.9900,207,626,966,1141,1765,41,221,1214,812,195
SZ,000001,2019-06-06 09:38:30,11.9500,7,97984.0000,82,B,11.9500,11.9400,11.9300,11.9200,11.9100,11.9600,11.9700,11.9800,11.9900,12.0000,15,138,626,966,1141,212,1214,812,195,1667
SZ,000001,2019-06-06 09:38:33,11.9400,10,65696.0000,55,S,11.9400,11.9300,11.9200,11.9100,11.9000,11.9500,11.9600,11.9700,11.9800,11.9900,135,626,966,1141,1765,300,217,1214,812,195
SZ,000001,2019-06-06 09:38:36,11.9400,7,72832.0000,61,S,11.9400,11.9300,11.9200,11.9100,11.9000,11.9500,11.9600,11.9700,11.9800,11.9900,83,555,966,1141,1765,518,195,1225,812,195
SZ,000001,2019-06-06 09:38:39,11.9400,13,125376.0000,105,S,11.9300,11.9200,11.9100,11.9000,11.8900,11.9400,11.9500,11.9600,11.9700,11.9800,547,946,1141,1775,380,18,561,195,1225,812
SZ,000001,2019-06-06 09:38:42,11.9400,1,2388.0000,2,B,11.9300,11.9200,11.9100,11.9000,11.8900,11.9400,11.9500,11.9600,11.9700,11.9800,479,948,1143,1775,380,23,581,213,1225,812
SZ,000001,2019-06-06 09:38:45,11.9300,8,64432.0000,54,S,11.9300,11.9200,11.9100,11.9000,11.8900,11.9400,11.9500,11.9600,11.9700,11.9800,436,948,1143,1775,380,28,1081,252,1235,812
SZ,000001,2019-06-06 09:38:48,11.9400,11,134912.0000,113,B,11.9300,11.9200,11.9100,11.9000,11.8900,11.9400,11.9500,11.9600,11.9700,11.9800,425,948,1143,1775,373,51,1090,252,1245,895
SZ,000001,2019-06-06 09:38:51,11.9300,5,121788.0000,102,S,11.9300,11.9200,11.9100,11.9000,11.8900,11.9400,11.9500,11.9600,11.9700,11.9800,450,898,1143,1775,378,2,1090,275,1245,895
SZ,000001,2019-06-06 09:38:54,11.9400,7,75160.0000,63,B,11.9300,11.9200,11.9100,11.9000,11.8900,11.9400,11.9500,11.9600,11.9700,11.9800,421,917,1163,1774,378,137,1115,275,1245,895
SZ,000001,2019-06-06 09:38:57,11.9300,24,705212.0000,591,S,11.9200,11.9100,11.9000,11.8900,11.8800,11.9300,11.9400,11.9500,11.9600,11.9700,943,1299,1786,378,806,38,30,1115,275,1245
SZ,000001,2019-06-06 09:39:00,11.9200,27,436300.0000,366,S,11.9200,11.9100,11.9000,11.8900,11.8800,11.9300,11.9400,11.9500,11.9600,11.9700,566,1299,1786,378,806,126,70,566,204,1245
SZ,000001,2019-06-06 09:39:03,11.9200,8,75108.0000,63,S,11.9200,11.9100,11.9000,11.8900,11.8800,11.9300,11.9400,11.9500,11.9600,11.9700,575,1299,1786,378,806,134,49,566,195,1204
SZ,000001,2019-06-06 09:39:06,11.9200,42,629560.0000,528,S,11.9200,11.9100,11.9000,11.8900,11.8800,11.9300,11.9400,11.9500,11.9600,11.9700,236,1306,1786,378,806,92,32,564,194,1204
SZ,000001,2019-06-06 09:39:09,11.9200,7,27416.0000,23,S,11.9200,11.9100,11.9000,11.8900,11.8800,11.9300,11.9400,11.9500,11.9600,11.9700,276,1306,1786,378,806,155,32,577,216,1204
SZ,000001,2019-06-06 09:39:12,11.9200,6,77532.0000,65,S,11.9200,11.9100,11.9000,11.8900,11.8800,11.9300,11.9400,11.9500,11.9600,11.9700,272,1296,1786,398,826,104,32,577,216,1204
SZ,000001,2019-06-06 09:39:15,11.9200,19,336144.0000,282,S,11.9100,11.9000,11.8900,11.8800,11.8700,11.9200,11.9300,11.9400,11.9500,11.9600,1296,1786,398,826,168,401,104,32,587,216
SZ,000001,2019-06-06 09:39:18,11.9200,8,499448.0000,419,B,11.9100,11.9000,11.8900,11.8800,11.8700,11.9200,11.9300,11.9400,11.9500,11.9600,1181,1759,398,826,168,130,95,32,587,216
SZ,000001,2019-06-06 09:39:21,11.9200,13,131120.0000,110,B,11.9100,11.9000,11.8900,11.8800,11.8700,11.9200,11.9300,11.9400,11.9500,11.9600,1217,1759,409,826,168,69,95,32,586,216
SZ,000001,2019-06-06 09:39:24,11.9200,15,228936.0000,192,B,11.9200,11.9100,11.9000,11.8900,11.8800,11.9300,11.9400,11.9500,11.9600,11.9700,313,1352,1759,419,826,26,32,386,216,1421
SZ,000001,2019-06-06 09:39:27,11.9400,20,286172.0000,240,B,11.9400,11.9200,11.9100,11.9000,11.8900,11.9500,11.9600,11.9700,11.9800,11.9900,8,198,1286,1775,419,386,216,1431,895,195
SZ,000001,2019-06-06 09:39:30,11.9200,13,218340.0000,183,S,11.9200,11.9100,11.9000,11.8900,11.8800,11.9500,11.9600,11.9700,11.9800,11.9900,113,1286,1780,419,826,323,316,1456,895,195
SZ,000001,2019-06-06 09:39:33,11.9400,7,50108.0000,42,B,11.9200,11.9100,11.9000,11.8900,11.8800,11.9400,11.9500,11.9600,11.9700,11.9800,206,1186,1780,456,826,54,324,316,1496,885
SZ,000001,2019-06-06 09:39:36,11.9300,11,226604.0000,190,S,11.9200,11.9100,11.9000,11.8900,11.8800,11.9300,11.9400,11.9500,11.9600,11.9700,153,1204,1780,456,836,100,62,311,298,1496
SZ,000001,2019-06-06 09:39:39,11.9300,16,93024.0000,78,B,11.9200,11.9100,11.9000,11.8900,11.8800,11.9300,11.9400,11.9500,11.9600,11.9700,145,1201,1785,456,836,55,62,311,298,1496
SZ,000001,2019-06-06 09:39:42,11.9300,13,90668.0000,76,B,11.9300,11.9200,11.9100,11.9000,11.8900,11.9400,11.9500,11.9600,11.9700,11.9800,62,245,1200,1785,456,62,311,298,1196,885
SZ,000001,2019-06-06 09:39:45,11.9300,4,68000.0000,57,S,11.9300,11.9200,11.9100,11.9000,11.8900,11.9400,11.9500,11.9600,11.9700,11.9800,5,355,1200,1795,456,65,311,298,1196,885
SZ,000001,2019-06-06 09:39:48,11.9300,2,8352.0000,7,S,11.9200,11.9100,11.9000,11.8900,11.8800,11.9400,11.9500,11.9600,11.9700,11.9800,365,1220,1795,458,836,65,311,298,1196,885
SZ,000001,2019-06-06 09:39:51,11.9300,3,4772.0000,4,S,11.9300,11.9200,11.9100,11.9000,11.8900,11.9400,11.9500,11.9600,11.9700,11.9800,1,396,1220,1783,458,65,311,298,1196,885
SZ,000001,2019-06-06 09:39:54,11.9300,4,25044.0000,21,S,11.9200,11.9100,11.9000,11.8900,11.8800,11.9300,11.9400,11.9500,11.9600,11.9700,441,1220,1793,458,836,10,83,316,298,1196
SZ,000001,2019-06-06 09:39:57,11.9300,13,97804.0000,82,B,11.9300,11.9200,11.9100,11.9000,11.8900,11.9400,11.9500,11.9600,11.9700,11.9800,465,427,1230,1793,475,83,316,293,1196,885
SZ,000001,2019-06-06 09:40:00,11.9300,3,50104.0000,42,S,11.9300,11.9200,11.9100,11.9000,11.8900,11.9400,11.9500,11.9600,11.9700,11.9800,428,430,1230,1793,478,83,316,293,1196,885
SZ,000001,2019-06-06 09:40:03,11.9300,19,957616.0000,803,S,11.9300,11.9200,11.9100,11.9000,11.8900,11.9400,11.9500,11.9600,11.9700,11.9800,107,375,1230,1793,493,85,321,293,1180,885
SZ,000001,2019-06-06 09:40:06,11.9300,10,79940.0000,67,S,11.9300,11.9200,11.9100,11.9000,11.8900,11.9400,11.9500,11.9600,11.9700,11.9800,105,428,1230,1793,494,119,319,293,1180,885
SZ,000001,2019-06-06 09:40:09,11.9300,4,35804.0000,30,S,11.9300,11.9200,11.9100,11.9000,11.8900,11.9400,11.9500,11.9600,11.9700,11.9800,154,478,1230,1842,494,106,319,303,1180,885
SZ,000001,2019-06-06 09:40:12,11.9300,10,189688.0000,159,S,11.9200,11.9100,11.9000,11.8900,11.8800,11.9300,11.9400,11.9500,11.9600,11.9700,583,1230,1842,494,870,6,107,319,303,1180
SZ,000001,2019-06-06 09:40:15,11.9200,37,1053724.0000,882,S,11.9400,11.9300,11.9200,11.9100,11.9000,11.9500,11.9600,11.9700,11.9800,11.9900,2,10,810,1230,1842,249,303,1155,885,195
SZ,000001,2019-06-06 09:40:18,11.9200,15,150224.0000,126,S,11.9200,11.9100,11.9000,11.8900,11.8800,11.9300,11.9400,11.9500,11.9600,11.9700,706,1230,1852,494,870,93,6,96,303,1155
SZ,000001,2019-06-06 09:40:21,11.9300,9,168208.0000,141,B,11.9300,11.9200,11.9100,11.9000,11.8900,11.9400,11.9500,11.9600,11.9700,11.9800,145,801,1230,1852,494,30,1,303,1109,885
SZ,000001,2019-06-06 09:40:24,11.9300,7,113340.0000,95,S,11.9300,11.9200,11.9100,11.9000,11.8900,11.9400,11.9500,11.9600,11.9700,11.9800,91,821,1230,1852,494,26,1,303,1109,884
SZ,000001,2019-06-06 09:40:27,11.9200,7,171780.0000,144,S,11.9200,11.9100,11.9000,11.8900,11.8800,11.9300,11.9400,11.9500,11.9600,11.9700,827,1245,1839,494,876,178,36,1,322,1109
SZ,000001,2019-06-06 09:40:30,11.9200,4,33376.0000,28,S,11.9200,11.9100,11.9000,11.8900,11.8800,11.9300,11.9400,11.9500,11.9600,11.9700,814,1245,1845,494,862,183,44,1,322,1109
SZ,000001,2019-06-06 09:40:33,11.9300,2,11928.0000,10,B,11.9200,11.9100,11.9000,11.8900,11.8800,11.9300,11.9400,11.9500,11.9600,11.9700,852,1250,1845,494,862,176,44,10,322,1109
SZ,000001,2019-06-06 09:40:36,11.9300,7,77508.0000,65,B,11.9200,11.9100,11.9000,11.8900,11.8800,11.9300,11.9400,11.9500,11.9600,11.9700,830,1250,1845,494,862,153,44,10,374,1109
SZ,000001,2019-06-06 09:40:39,11.9200,3,35760.0000,30,S,11.9200,11.9100,11.9000,11.8900,11.8800,11.9300,11.9400,11.9500,11.9600,11.9700,855,1250,1850,494,862,153,44,10,380,1109
SZ,000001,2019-06-06 09:40:42,11.9200,4,59608.0000,50,S,11.9200,11.9100,11.9000,11.8900,11.8800,11.9300,11.9400,11.9500,11.9600,11.9700,851,1255,1845,494,894,185,44,1,380,1110
SZ,000001,2019-06-06 09:40:45,11.9300,15,262424.0000,220,B,11.9300,11.9200,11.9100,11.9000,11.8900,11.9400,11.9500,11.9600,11.9700,11.9800,95,826,1269,2031,494,44,1,380,1110,801
SZ,000001,2019-06-06 09:40:48,11.9300,4,65632.0000,55,S,11.9300,11.9200,11.9100,11.9000,11.8900,11.9400,11.9500,11.9600,11.9700,11.9800,56,810,1269,2034,494,30,1,380,1110,801
SZ,000001,2019-06-06 09:40:51,11.9300,5,13128.0000,11,S,11.9300,11.9200,11.9100,11.9000,11.8900,11.9400,11.9500,11.9600,11.9700,11.9800,76,906,1269,2028,498,24,1,380,1110,801
SZ,000001,2019-06-06 09:40:54,11.9300,7,10744.0000,9,S,11.9300,11.9200,11.9100,11.9000,11.8900,11.9400,11.9500,11.9600,11.9700,11.9800,121,906,1269,2128,498,17,11,390,1110,801
SZ,000001,2019-06-06 09:40:57,11.9400,4,28656.0000,24,B,11.9400,11.9300,11.9200,11.9100,11.9000,11.9500,11.9600,11.9700,11.9800,11.9900,10,121,936,1271,2138,11,390,1110,801,480
SZ,000001,2019-06-06 09:41:00,11.9400,6,17912.0000,15,S,11.9300,11.9200,11.9100,11.9000,11.8900,11.9400,11.9500,11.9600,11.9700,11.9800,137,938,1271,2138,498,4,25,415,1110,801
SZ,000001,2019-06-06 09:41:03,11.9400,6,13140.0000,11,B,11.9400,11.9300,11.9200,11.9100,11.9000,11.9500,11.9600,11.9700,11.9800,11.9900,8,155,908,1271,2138,26,415,1110,801,475
SZ,000001,2019-06-06 09:41:06,11.9400,10,48984.0000,41,S,11.9400,11.9300,11.9200,11.9100,11.9000,11.9500,11.9600,11.9700,11.9800,11.9900,1,155,913,1271,2138,18,415,1110,801,475
SZ,000001,2019-06-06 09:41:09,11.9300,8,48956.0000,41,S,11.9400,11.9300,11.9200,11.9100,11.9000,11.9500,11.9600,11.9700,11.9800,11.9900,50,139,913,1271,2188,69,415,1110,803,475
SZ,000001,2019-06-06 09:41:12,11.9500,8,53756.0000,45,B,11.9400,11.9300,11.9200,11.9100,11.9000,11.9500,11.9600,11.9700,11.9800,11.9900,32,151,953,1468,2190,45,416,1110,803,475
SZ,000001,2019-06-06 09:41:15,11.9400,5,31052.0000,26,S,11.9400,11.9300,11.9200,11.9100,11.9000,11.9500,11.9600,11.9700,11.9800,11.9900,19,151,986,1468,2194,36,522,1110,803,475
SZ,000001,2019-06-06 09:41:21,11.9400,7,43008.0000,36,S,11.9400,11.9300,11.9200,11.9100,11.9000,11.9500,11.9600,11.9700,11.9800,11.9900,43,173,1021,1464,2246,17,592,1100,803,475
SZ,000001,2019-06-06 09:41:24,11.9500,5,5976.0000,5,B,11.9400,11.9300,11.9200,11.9100,11.9000,11.9500,11.9600,11.9700,11.9800,11.9900,74,171,1021,1464,2249,13,592,1100,803,475
SZ,000001,2019-06-06 09:41:27,11.9500,3,3584.0000,3,B,11.9400,11.9300,11.9200,11.9100,11.9000,11.9500,11.9600,11.9700,11.9800,11.9900,96,171,1033,1523,2299,510,570,1100,803,475
SZ,000001,2019-06-06 09:41:30,11.9500,6,597500.0000,500,B,11.9400,11.9300,11.9200,11.9100,11.9000,11.9500,11.9600,11.9700,11.9800,11.9900,109,152,1028,1529,2259,293,632,1100,803,475
SZ,000001,2019-06-06 09:41:33,11.9500,7,29852.0000,25,B,11.9400,11.9300,11.9200,11.9100,11.9000,11.9500,11.9600,11.9700,11.9800,11.9900,147,167,1033,1529,2259,353,632,1100,803,496
SZ,000001,2019-06-06 09:41:36,11.9500,6,35848.0000,30,B,11.9400,11.9300,11.9200,11.9100,11.9000,11.9500,11.9600,11.9700,11.9800,11.9900,160,167,1036,1529,2259,324,632,1100,803,496
SZ,000001,2019-06-06 09:41:39,11.9400,11,111044.0000,93,S,11.9400,11.9300,11.9200,11.9100,11.9000,11.9500,11.9600,11.9700,11.9800,11.9900,103,263,1036,1529,2259,330,590,1109,803,496
SZ,000001,2019-06-06 09:41:42,11.9500,1,8364.0000,7,B,11.9400,11.9300,11.9200,11.9100,11.9000,11.9500,11.9600,11.9700,11.9800,11.9900,107,267,1125,1529,2259,324,590,1131,803,496
SZ,000001,2019-06-06 09:41:45,11.9500,4,35848.0000,30,B,11.9400,11.9300,11.9200,11.9100,11.9000,11.9500,11.9600,11.9700,11.9800,11.9900,106,267,1106,1529,2209,298,590,1131,803,496
SZ,000001,2019-06-06 09:41:48,11.9500,16,310544.0000,260,B,11.9300,11.9200,11.9100,11.9000,11.8900,11.9500,11.9600,11.9700,11.9800,11.9900,444,1107,1529,2214,514,169,589,891,803,496
SZ,000001,2019-06-06 09:41:51,11.9400,3,23880.0000,20,S,11.9300,11.9200,11.9100,11.9000,11.8900,11.9400,11.9500,11.9600,11.9700,11.9800,454,1107,1534,2214,514,27,190,487,891,803
SZ,000001,2019-06-06 09:41:54,11.9300,9,21492.0000,18,S,11.9300,11.9200,11.9100,11.9000,11.8900,11.9400,11.9500,11.9600,11.9700,11.9800,1466,1107,1534,2224,514,48,297,490,891,803
SZ,000001,2019-06-06 09:41:57,11.9400,13,88340.0000,74,B,11.9300,11.9200,11.9100,11.9000,11.8900,11.9400,11.9500,11.9600,11.9700,11.9800,1552,1110,1534,2224,514,141,328,490,891,803
SZ,000001,2019-06-06 09:42:00,11.9400,5,68056.0000,57,B,11.9300,11.9200,11.9100,11.9000,11.8900,11.9400,11.9500,11.9600,11.9700,11.9800,1576,1111,1569,2224,514,186,328,490,891,803
SZ,000001,2019-06-06 09:42:03,11.9300,9,107436.0000,90,S,11.9300,11.9200,11.9100,11.9000,11.8900,11.9400,11.9500,11.9600,11.9700,11.9800,1545,1116,1569,2224,514,124,428,490,891,803
SZ,000001,2019-06-06 09:42:06,11.9300,29,233916.0000,196,S,11.9300,11.9200,11.9100,11.9000,11.8900,11.9400,11.9500,11.9600,11.9700,11.9800,1436,1116,1569,2225,514,46,438,490,890,803
SZ,000001,2019-06-06 09:42:09,11.9400,9,79980.0000,67,B,11.9400,11.9300,11.9200,11.9100,11.9000,11.9500,11.9600,11.9700,11.9800,11.9900,132,1548,1089,1569,2225,438,490,890,803,496
SZ,000001,2019-06-06 09:42:12,11.9400,4,81192.0000,68,S,11.9400,11.9300,11.9200,11.9100,11.9000,11.9500,11.9600,11.9700,11.9800,11.9900,65,1563,1109,1569,2225,480,490,890,803,516
SZ,000001,2019-06-06 09:42:15,11.9500,1,54972.0000,46,B,11.9400,11.9300,11.9200,11.9100,11.9000,11.9500,11.9600,11.9700,11.9800,11.9900,75,1564,1149,1569,2226,435,403,890,803,516
SZ,000001,2019-06-06 09:42:18,11.9400,13,160016.0000,134,S,11.9300,11.9200,11.9100,11.9000,11.8900,11.9400,11.9500,11.9600,11.9700,11.9800,1564,1149,1569,2226,514,537,415,303,890,803
SZ,000001,2019-06-06 09:42:21,11.9300,9,350740.0000,294,S,11.9300,11.9200,11.9100,11.9000,11.8900,11.9400,11.9500,11.9600,11.9700,11.9800,1284,1170,1569,2226,514,544,415,303,890,803
SZ,000001,2019-06-06 09:42:24,11.9400,3,171936.0000,144,B,11.9300,11.9200,11.9100,11.9000,11.8900,11.9400,11.9500,11.9600,11.9700,11.9800,1284,1176,1569,2226,514,402,397,293,890,803
SZ,000001,2019-06-06 09:42:27,11.9300,5,48932.0000,41,S,11.9300,11.9200,11.9100,11.9000,11.8900,11.9400,11.9500,11.9600,11.9700,11.9800,1268,1176,1569,2226,514,386,397,292,890,823
SZ,000001,2019-06-06 09:42:30,11.9300,9,256492.0000,215,S,11.9300,11.9200,11.9100,11.9000,11.8900,11.9400,11.9500,11.9600,11.9700,11.9800,1073,1176,1571,2226,514,412,396,292,890,823
SZ,000001,2019-06-06 09:42:33,11.9200,42,1472012.0000,1234,S,11.9200,11.9100,11.9000,11.8900,11.8800,11.9300,11.9400,11.9500,11.9600,11.9700,1027,1385,2226,514,1134,105,412,395,292,890
SZ,000001,2019-06-06 09:42:36,11.9200,39,1080552.0000,906,S,11.9200,11.9100,11.9000,11.8900,11.8800,11.9300,11.9400,11.9500,11.9600,11.9700,607,1427,2221,514,1134,121,165,395,302,890
SZ,000001,2019-06-06 09:42:39,11.9300,16,302776.0000,254,B,11.9200,11.9100,11.9000,11.8900,11.8800,11.9300,11.9400,11.9500,11.9600,11.9700,378,1447,2302,517,1134,187,165,395,302,890
SZ,000001,2019-06-06 09:42:42,11.9100,35,632856.0000,531,S,11.9200,11.9100,11.9000,11.8900,11.8800,11.9300,11.9400,11.9500,11.9600,11.9700,4,1330,2302,517,1134,309,187,395,232,890
SZ,000001,2019-06-06 09:42:45,11.9300,6,184760.0000,155,B,11.9200,11.9100,11.9000,11.8900,11.8800,11.9300,11.9400,11.9500,11.9600,11.9700,61,1330,2302,501,1134,341,187,395,232,885
SZ,000001,2019-06-06 09:42:48,11.9200,17,380472.0000,319,S,11.9100,11.9000,11.8900,11.8800,11.8700,11.9200,11.9300,11.9400,11.9500,11.9600,1330,2317,501,1134,218,33,117,187,395,232
SZ,000001,2019-06-06 09:42:51,11.9200,5,47676.0000,40,B,11.9100,11.9000,11.8900,11.8800,11.8700,11.9200,11.9300,11.9400,11.9500,11.9600,1323,2317,501,1134,218,10,117,187,415,232
SZ,000001,2019-06-06 09:42:54,11.9300,20,376912.0000,316,B,11.9100,11.9000,11.8900,11.8800,11.8700,11.9300,11.9400,11.9500,11.9600,11.9700,1320,2324,501,1134,222,39,187,415,232,885
SZ,000001,2019-06-06 09:42:57,11.9200,4,69152.0000,58,S,11.9200,11.9100,11.9000,11.8900,11.8800,11.9300,11.9400,11.9500,11.9600,11.9700,102,1366,2329,506,1134,16,187,415,232,885
SZ,000001,2019-06-06 09:43:00,11.9200,7,199068.0000,167,S,11.9200,11.9100,11.9000,11.8900,11.8800,11.9300,11.9400,11.9500,11.9600,11.9700,100,1366,2232,506,1134,14,187,415,232,885
SZ,000001,2019-06-06 09:43:03,11.9200,2,56028.0000,47,S,11.9200,11.9100,11.9000,11.8900,11.8800,11.9300,11.9400,11.9500,11.9600,11.9700,91,1466,2227,506,1134,9,187,415,232,885
SZ,000001,2019-06-06 09:43:06,11.9200,8,23852.0000,20,S,11.9200,11.9100,11.9000,11.8900,11.8800,11.9300,11.9400,11.9500,11.9600,11.9700,86,1467,2241,506,1134,66,195,415,232,875
SZ,000001,2019-06-06 09:43:09,11.9300,5,83504.0000,70,B,11.9200,11.9100,11.9000,11.8900,11.8800,11.9400,11.9500,11.9600,11.9700,11.9800,82,1472,2241,506,1234,195,415,232,875,823
SZ,000001,2019-06-06 09:43:12,11.9300,1,9544.0000,8,B,11.9200,11.9100,11.9000,11.8900,11.8800,11.9400,11.9500,11.9600,11.9700,11.9800,83,1485,2363,506,1239,188,415,232,875,823
SZ,000001,2019-06-06 09:43:15,11.9200,1,1192.0000,1,S,11.9200,11.9100,11.9000,11.8900,11.8800,11.9300,11.9400,11.9500,11.9600,11.9700,95,1490,2363,506,1239,49,88,385,232,875
SZ,000001,2019-06-06 09:43:18,11.9200,8,126456.0000,106,S,11.9200,11.9100,11.9000,11.8900,11.8800,11.9400,11.9500,11.9600,11.9700,11.9800,91,1517,2443,506,1244,78,385,232,875,823
SZ,000001,2019-06-06 09:43:21,11.9200,16,656812.0000,551,S,11.9200,11.9100,11.9000,11.8900,11.8800,11.9400,11.9500,11.9600,11.9700,11.9800,15,1517,2443,506,1144,68,385,232,875,43
SZ,000001,2019-06-06 09:43:27,11.9200,11,324244.0000,272,S,11.9200,11.9100,11.9000,11.8900,11.8800,11.9400,11.9500,11.9600,11.9700,11.9800,12,1517,2453,496,1171,59,385,279,875,43
SZ,000001,2019-06-06 09:43:30,11.9200,7,32184.0000,27,S,11.9200,11.9100,11.9000,11.8900,11.8800,11.9400,11.9500,11.9600,11.9700,11.9800,12,1524,2458,496,1181,59,385,279,875,23
SZ,000001,2019-06-06 09:43:33,11.9200,5,22648.0000,19,S,11.9200,11.9100,11.9000,11.8900,11.8800,11.9300,11.9400,11.9500,11.9600,11.9700,48,1524,2468,496,1181,21,69,385,279,875
SZ,000001,2019-06-06 09:43:36,11.9300,1,5964.0000,5,B,11.9200,11.9100,11.9000,11.8900,11.8800,11.9300,11.9400,11.9500,11.9600,11.9700,64,1525,2430,496,1181,16,69,385,279,875
SZ,000001,2019-06-06 09:43:39,11.9400,5,62004.0000,52,B,11.9200,11.9100,11.9000,11.8900,11.8800,11.9400,11.9500,11.9600,11.9700,11.9800,261,1524,2450,496,1181,68,403,279,875,23
SZ,000001,2019-06-06 09:43:45,11.9300,8,47748.0000,40,S,11.9200,11.9100,11.9000,11.8900,11.8800,11.9400,11.9500,11.9600,11.9700,11.9800,470,1541,2446,496,1206,59,403,279,875,23
SZ,000001,2019-06-06 09:43:48,11.9200,2,23840.0000,20,S,11.9200,11.9100,11.9000,11.8900,11.8800,11.9400,11.9500,11.9600,11.9700,11.9800,610,1541,2446,469,1210,368,403,279,875,23
SZ,000001,2019-06-06 09:43:51,11.9300,1,2388.0000,2,B,11.9200,11.9100,11.9000,11.8900,11.8800,11.9300,11.9400,11.9500,11.9600,11.9700,840,1541,2461,469,1210,7,368,342,279,875
SZ,000001,2019-06-06 09:43:54,11.9400,10,59692.0000,50,B,11.9200,11.9100,11.9000,11.8900,11.8800,11.9400,11.9500,11.9600,11.9700,11.9800,886,1541,2462,469,1220,325,342,279,875,23
SZ,000001,2019-06-06 09:43:57,11.9300,2,10736.0000,9,S,11.9300,11.9200,11.9100,11.9000,11.8900,11.9400,11.9500,11.9600,11.9700,11.9800,1,933,1541,2462,469,329,342,279,875,23
SZ,000001,2019-06-06 09:44:00,11.9200,2,10728.0000,9,S,11.9200,11.9100,11.9000,11.8900,11.8800,11.9300,11.9400,11.9500,11.9600,11.9700,898,1551,2512,469,1227,19,330,342,279,875
SZ,000001,2019-06-06 09:44:03,11.9200,7,63188.0000,53,S,11.9200,11.9100,11.9000,11.8900,11.8800,11.9300,11.9400,11.9500,11.9600,11.9700,903,1551,2512,469,1237,28,330,342,279,875
SZ,000001,2019-06-06 09:44:06,11.9300,6,40540.0000,34,B,11.9200,11.9100,11.9000,11.8900,11.8800,11.9300,11.9400,11.9500,11.9600,11.9700,940,1551,2512,469,1237,26,340,342,279,875
SZ,000001,2019-06-06 09:44:09,11.9300,7,51300.0000,43,B,11.9300,11.9200,11.9100,11.9000,11.8900,11.9400,11.9500,11.9600,11.9700,11.9800,25,940,1551,2517,459,330,342,279,875,23
SZ,000001,2019-06-06 09:44:12,11.9300,6,170736.0000,143,S,11.9300,11.9200,11.9100,11.9000,11.8900,11.9400,11.9500,11.9600,11.9700,11.9800,45,962,1551,2517,459,194,342,279,875,23
SZ,000001,2019-06-06 09:44:15,11.9300,5,96672.0000,81,S,11.9300,11.9200,11.9100,11.9000,11.8900,11.9400,11.9500,11.9600,11.9700,11.9800,1,962,1556,2537,459,157,342,279,875,23
SZ,000001,2019-06-06 09:44:18,11.9200,2,20264.0000,17,S,11.9200,11.9100,11.9000,11.8900,11.8800,11.9400,11.9500,11.9600,11.9700,11.9800,961,1656,2552,459,1214,163,342,279,875,43
SZ,000001,2019-06-06 09:44:30,11.9300,4,42952.0000,36,S,11.9300,11.9200,11.9100,11.9000,11.8900,11.9400,11.9500,11.9600,11.9700,11.9800,34,1189,1698,2573,449,175,342,279,875,43
SZ,000001,2019-06-06 09:44:33,11.9300,5,88312.0000,74,B,11.9200,11.9100,11.9000,11.8900,11.8800,11.9300,11.9400,11.9500,11.9600,11.9700,1539,1710,2623,449,1214,161,165,342,279,875
SZ,000001,2019-06-06 09:44:36,11.9300,3,47720.0000,40,B,11.9200,11.9100,11.9000,11.8900,11.8800,11.9300,11.9400,11.9500,11.9600,11.9700,1549,1710,2623,449,1214,123,165,342,279,875
SZ,000001,2019-06-06 09:44:39,11.9300,7,171792.0000,144,B,11.9200,11.9100,11.9000,11.8900,11.8800,11.9300,11.9400,11.9500,11.9600,11.9700,1565,1710,2623,486,1214,28,165,342,279,875
SZ,000001,2019-06-06 09:44:42,11.9300,4,14316.0000,12,B,11.9200,11.9100,11.9000,11.8900,11.8800,11.9300,11.9400,11.9500,11.9600,11.9700,1565,1710,2623,486,1214,34,152,341,279,875
SZ,000001,2019-06-06 09:44:45,11.9200,3,5960.0000,5,S,11.9200,11.9100,11.9000,11.8900,11.8800,11.9300,11.9400,11.9500,11.9600,11.9700,1586,1710,2623,1486,1214,34,152,341,279,875
SZ,000001,2019-06-06 09:44:48,11.9300,8,32212.0000,27,B,11.9200,11.9100,11.9000,11.8900,11.8800,11.9300,11.9400,11.9500,11.9600,11.9700,1592,1710,2623,1486,1214,100,152,341,279,875
SZ,000001,2019-06-06 09:44:51,11.9200,8,38168.0000,32,S,11.9200,11.9100,11.9000,11.8900,11.8800,11.9300,11.9400,11.9500,11.9600,11.9700,1583,1708,2624,1486,1214,1178,152,341,279,875
SZ,000001,2019-06-06 09:44:54,11.9200,6,1218044.0000,1021,S,11.9200,11.9100,11.9000,11.8900,11.8800,11.9300,11.9400,11.9500,11.9600,11.9700,1575,1708,2637,1486,1214,165,152,341,279,875
SZ,000001,2019-06-06 09:44:57,11.9200,2,10728.0000,9,S,11.9200,11.9100,11.9000,11.8900,11.8800,11.9300,11.9400,11.9500,11.9600,11.9700,1568,1708,2637,1486,1228,166,151,341,279,875
SZ,000001,2019-06-06 09:45:00,11.9200,5,47684.0000,40,S,11.9200,11.9100,11.9000,11.8900,11.8800,11.9300,11.9400,11.9500,11.9600,11.9700,1500,1733,2642,1486,1231,161,151,341,279,875
SZ,000001,2019-06-06 09:45:03,11.9200,8,159728.0000,134,S,11.9200,11.9100,11.9000,11.8900,11.8800,11.9300,11.9400,11.9500,11.9600,11.9700,1392,1743,2642,1486,1231,161,151,341,279,875
SZ,000001,2019-06-06 09:45:06,11.9200,3,26236.0000,22,S,11.9200,11.9100,11.9000,11.8900,11.8800,11.9300,11.9400,11.9500,11.9600,11.9700,1379,1743,2646,1486,1231,160,161,341,279,875
SZ,000001,2019-06-06 09:45:09,11.9300,9,227844.0000,191,B,11.9300,11.9200,11.9100,11.9000,11.8900,11.9400,11.9500,11.9600,11.9700,11.9800,340,1390,1715,2671,1486,151,341,279,875,43
SZ,000001,2019-06-06 09:45:12,11.9300,5,60840.0000,51,S,11.9300,11.9200,11.9100,11.9000,11.8900,11.9400,11.9500,11.9600,11.9700,11.9800,289,1432,1715,2671,1486,174,341,279,875,43
SZ,000001,2019-06-06 09:45:15,11.9300,1,35792.0000,30,S,11.9300,11.9200,11.9100,11.9000,11.8900,11.9400,11.9500,11.9600,11.9700,11.9800,274,1452,1721,2671,1486,281,345,279,875,43
SZ,000001,2019-06-06 09:45:24,11.9400,2,7160.0000,6,B,11.9300,11.9200,11.9100,11.9000,11.8900,11.9400,11.9500,11.9600,11.9700,11.9800,886,1475,1731,2557,1506,301,345,279,881,43
SZ,000001,2019-06-06 09:45:27,11.9300,4,46552.0000,39,S,11.9300,11.9200,11.9100,11.9000,11.8900,11.9400,11.9500,11.9600,11.9700,11.9800,872,1485,1731,2557,1506,288,345,279,881,43
SZ,000001,2019-06-06 09:45:33,11.9400,1,3584.0000,3,B,11.9300,11.9200,11.9100,11.9000,11.8900,11.9400,11.9500,11.9600,11.9700,11.9800,919,1497,1741,2558,1506,285,345,279,881,43
SZ,000001,2019-06-06 09:45:36,11.9400,1,2388.0000,2,B,11.9300,11.9200,11.9100,11.9000,11.8900,11.9400,11.9500,11.9600,11.9700,11.9800,939,1507,1641,2558,1506,284,345,279,881,43
SZ,000001,2019-06-06 09:45:39,11.9300,1,11932.0000,10,S,11.9300,11.9200,11.9100,11.9000,11.8900,11.9400,11.9500,11.9600,11.9700,11.9800,965,1779,1641,2558,1506,274,345,279,881,43
SZ,000001,2019-06-06 09:45:42,11.9300,10,604856.0000,507,S,11.9300,11.9200,11.9100,11.9000,11.8900,11.9400,11.9500,11.9600,11.9700,11.9800,614,1784,1649,2578,1516,284,345,279,881,43
SZ,000001,2019-06-06 09:45:45,11.9400,6,62068.0000,52,B,11.9300,11.9200,11.9100,11.9000,11.8900,11.9400,11.9500,11.9600,11.9700,11.9800,591,1791,1650,2578,1516,252,345,279,881,43
SZ,000001,2019-06-06 09:45:48,11.9400,1,3580.0000,3,B,11.9300,11.9200,11.9100,11.9000,11.8900,11.9400,11.9500,11.9600,11.9700,11.9800,591,1791,1650,2578,1516,249,344,279,881,43
SZ,000001,2019-06-06 09:45:51,11.9400,2,11932.0000,10,B,11.9300,11.9200,11.9100,11.9000,11.8900,11.9400,11.9500,11.9600,11.9700,11.9800,583,1784,1660,2618,1516,248,344,279,881,43
SZ,000001,2019-06-06 09:45:54,11.9400,3,7164.0000,6,B,11.9300,11.9200,11.9100,11.9000,11.8900,11.9400,11.9500,11.9600,11.9700,11.9800,621,1784,1660,2618,1516,244,344,279,881,43
SZ,000001,2019-06-06 09:45:57,11.9300,2,16712.0000,14,S,11.9300,11.9200,11.9100,11.9000,11.8900,11.9400,11.9500,11.9600,11.9700,11.9800,660,1776,1662,2618,1516,231,348,279,881,43
SZ,000001,2019-06-06 09:46:00,11.9500,28,310452.0000,260,B,11.9300,11.9200,11.9100,11.9000,11.8900,11.9500,11.9600,11.9700,11.9800,11.9900,665,1757,1662,2618,1516,328,279,881,43,681
SZ,000001,2019-06-06 09:46:03,11.9300,31,1054888.0000,884,S,11.9300,11.9200,11.9100,11.9000,11.8900,11.9500,11.9600,11.9700,11.9800,11.9900,53,1757,1673,2626,1516,305,279,881,43,681
SZ,000001,2019-06-06 09:46:06,11.9300,5,134932.0000,113,S,11.9300,11.9200,11.9100,11.9000,11.8900,11.9400,11.9500,11.9600,11.9700,11.9800,44,1757,1673,2626,1516,74,349,287,881,43
SZ,000001,2019-06-06 09:46:09,11.9400,2,8356.0000,7,B,11.9300,11.9200,11.9100,11.9000,11.8900,11.9400,11.9500,11.9600,11.9700,11.9800,79,1757,1669,2626,1516,75,349,279,881,43
SZ,000001,2019-06-06 09:46:12,11.9400,17,88304.0000,74,B,11.9300,11.9200,11.9100,11.9000,11.8900,11.9400,11.9500,11.9600,11.9700,11.9800,36,1755,1669,2626,1516,55,359,279,881,43
SZ,000001,2019-06-06 09:46:18,11.9400,1,1196.0000,1,B,11.9300,11.9200,11.9100,11.9000,11.8900,11.9400,11.9500,11.9600,11.9700,11.9800,334,1805,1734,2506,1516,67,385,279,890,43
SZ,000001,2019-06-06 09:46:21,11.9300,5,29824.0000,25,S,11.9300,11.9200,11.9100,11.9000,11.8900,11.9400,11.9500,11.9600,11.9700,11.9800,309,1799,1734,2496,1516,315,392,279,890,43
SZ,000001,2019-06-06 09:46:24,11.9300,10,134836.0000,113,S,11.9300,11.9200,11.9100,11.9000,11.8900,11.9400,11.9500,11.9600,11.9700,11.9800,235,1831,1734,2506,1516,328,392,279,890,43
SZ,000001,2019-06-06 09:46:27,11.9400,2,2388.0000,2,B,11.9300,11.9200,11.9100,11.9000,11.8900,11.9400,11.9500,11.9600,11.9700,11.9800,250,1843,1732,2506,1521,340,392,279,890,43
SZ,000001,2019-06-06 09:46:30,11.9400,3,22668.0000,19,B,11.9300,11.9200,11.9100,11.9000,11.8900,11.9400,11.9500,11.9600,11.9700,11.9800,243,1850,1732,2506,1521,338,393,279,890,43
SZ,000001,2019-06-06 09:46:33,11.9300,2,47720.0000,40,S,11.9300,11.9200,11.9100,11.9000,11.8900,11.9400,11.9500,11.9600,11.9700,11.9800,221,1850,1732,2506,1521,338,386,279,890,43
SZ,000001,2019-06-06 09:46:36,11.9300,2,19088.0000,16,S,11.9300,11.9200,11.9100,11.9000,11.8900,11.9400,11.9500,11.9600,11.9700,11.9800,253,1840,1707,2511,1521,374,386,279,890,43
SZ,000001,2019-06-06 09:46:42,11.9300,1,23860.0000,20,S,11.9300,11.9200,11.9100,11.9000,11.8900,11.9400,11.9500,11.9600,11.9700,11.9800,434,1863,1707,2503,1530,405,386,279,890,43
SZ,000001,2019-06-06 09:46:45,11.9300,1,10736.0000,9,S,11.9300,11.9200,11.9100,11.9000,11.8900,11.9400,11.9500,11.9600,11.9700,11.9800,425,1873,1707,2503,1530,424,365,279,890,43
SZ,000001,2019-06-06 09:46:48,11.9400,6,39392.0000,33,B,11.9300,11.9200,11.9100,11.9000,11.8900,11.9400,11.9500,11.9600,11.9700,11.9800,423,1873,1707,2503,1530,403,365,479,890,43
SZ,000001,2019-06-06 09:46:51,11.9300,1,1192.0000,1,S,11.9300,11.9200,11.9100,11.9000,11.8900,11.9400,11.9500,11.9600,11.9700,11.9800,482,1873,1707,2503,1530,403,365,479,890,43
SZ,000001,2019-06-06 09:46:54,11.9400,10,107444.0000,90,B,11.9300,11.9200,11.9100,11.9000,11.8900,11.9400,11.9500,11.9600,11.9700,11.9800,494,1873,1707,2503,1530,339,357,479,890,43
SZ,000001,2019-06-06 09:46:57,11.9300,2,26244.0000,22,S,11.9300,11.9200,11.9100,11.9000,11.8900,11.9400,11.9500,11.9600,11.9700,11.9800,467,1874,1707,2503,1530,357,425,479,890,43
SZ,000001,2019-06-06 09:47:00,11.9400,15,360588.0000,302,B,11.9300,11.9200,11.9100,11.9000,11.8900,11.9400,11.9500,11.9600,11.9700,11.9800,480,1883,1707,2498,1530,62,425,529,890,43
SZ,000001,2019-06-06 09:47:03,11.9400,4,29840.0000,25,B,11.9300,11.9200,11.9100,11.9000,11.8900,11.9400,11.9500,11.9600,11.9700,11.9800,717,1883,1707,2548,1530,47,425,529,890,43
SZ,000001,2019-06-06 09:47:06,11.9300,7,38208.0000,32,S,11.9300,11.9200,11.9100,11.9000,11.8900,11.9400,11.9500,11.9600,11.9700,11.9800,753,1883,1707,2548,1531,25,432,529,940,43
SZ,000001,2019-06-06 09:47:09,11.9300,14,70440.0000,59,S,11.9300,11.9200,11.9100,11.9000,11.8900,11.9400,11.9500,11.9600,11.9700,11.9800,747,1883,1702,2548,1531,7,430,549,940,93
SZ,000001,2019-06-06 09:47:12,11.9300,13,251724.0000,211,S,11.9300,11.9200,11.9100,11.9000,11.8900,11.9400,11.9500,11.9600,11.9700,11.9800,549,1883,1702,2548,1531,23,430,549,940,93
SZ,000001,2019-06-06 09:47:15,11.9300,3,27436.0000,23,S,11.9300,11.9200,11.9100,11.9000,11.8900,11.9400,11.9500,11.9600,11.9700,11.9800,546,1894,1782,2548,1531,98,430,549,940,93
SZ,000001,2019-06-06 09:47:18,11.9300,10,146800.0000,123,S,11.9300,11.9200,11.9100,11.9000,11.8900,11.9400,11.9500,11.9600,11.9700,11.9800,489,1904,1782,2548,1531,38,430,549,960,93
SZ,000001,2019-06-06 09:47:21,11.9300,5,41768.0000,35,S,11.9300,11.9200,11.9100,11.9000,11.8900,11.9400,11.9500,11.9600,11.9700,11.9800,454,1904,1782,2550,1531,27,430,549,960,93
SZ,000001,2019-06-06 09:47:24,11.9400,13,196848.0000,165,B,11.9300,11.9200,11.9100,11.9000,11.8900,11.9400,11.9500,11.9600,11.9700,11.9800,782,1907,1782,2545,1531,23,430,549,960,103
SZ,000001,2019-06-06 09:47:30,11.9300,8,226784.0000,190,S,11.9300,11.9200,11.9100,11.9000,11.8900,11.9400,11.9500,11.9600,11.9700,11.9800,736,1917,1792,2560,1531,269,430,549,960,103
SZ,000001,2019-06-06 09:47:33,11.9400,1,119400.0000,100,B,11.9300,11.9200,11.9100,11.9000,11.8900,11.9400,11.9500,11.9600,11.9700,11.9800,1747,1917,1792,2563,1531,469,425,549,960,103
SZ,000001,2019-06-06 09:47:36,11.9300,5,254236.0000,213,S,11.9300,11.9200,11.9100,11.9000,11.8900,11.9400,11.9500,11.9600,11.9700,11.9800,1669,1926,1765,2563,1531,352,425,549,947,103
SZ,000001,2019-06-06 09:47:39,11.9400,9,464472.0000,389,B,11.9400,11.9300,11.9200,11.9100,11.9000,11.9500,11.9600,11.9700,11.9800,11.9900,211,1686,1926,1770,2563,445,549,947,103,731
SZ,000001,2019-06-06 09:47:42,11.9600,30,604624.0000,506,B,11.9400,11.9300,11.9200,11.9100,11.9000,11.9600,11.9700,11.9800,11.9900,12.0000,177,1662,1926,1780,2563,541,947,103,731,2072
SZ,000001,2019-06-06 09:47:45,11.9400,2,13128.0000,11,S,11.9400,11.9300,11.9200,11.9100,11.9000,11.9600,11.9700,11.9800,11.9900,12.0000,466,1662,1926,1780,2563,541,947,113,731,2072
SZ,000001,2019-06-06 09:47:48,11.9400,7,84864.0000,71,S,11.9400,11.9300,11.9200,11.9100,11.9000,11.9600,11.9700,11.9800,11.9900,12.0000,462,1662,1926,1770,2563,504,947,113,731,2072
SZ,000001,2019-06-06 09:47:51,11.9600,5,156432.0000,131,B,11.9400,11.9300,11.9200,11.9100,11.9000,11.9600,11.9700,11.9800,11.9900,12.0000,368,1662,1926,1770,2493,500,947,113,731,2072
SZ,000001,2019-06-06 09:47:54,11.9600,11,282248.0000,236,B,11.9500,11.9400,11.9300,11.9200,11.9100,11.9600,11.9700,11.9800,11.9900,12.0000,14,374,1662,1926,1770,317,947,113,731,2072
SZ,000001,2019-06-06 09:47:57,11.9600,2,275080.0000,230,B,11.9500,11.9400,11.9300,11.9200,11.9100,11.9600,11.9700,11.9800,11.9900,12.0000,15,373,1174,1929,1710,96,947,113,731,2092
SZ,000001,2019-06-06 09:48:00,11.9600,15,215032.0000,180,B,11.9400,11.9300,11.9200,11.9100,11.9000,11.9600,11.9700,11.9800,11.9900,12.0000,252,1174,1829,1710,2493,77,947,183,731,2092
SZ,000001,2019-06-06 09:48:03,11.9700,7,117224.0000,98,B,11.9400,11.9300,11.9200,11.9100,11.9000,11.9700,11.9800,11.9900,12.0000,12.0100,263,1174,1844,1704,2489,927,183,778,2076,210
SZ,000001,2019-06-06 09:48:06,11.9600,5,23936.0000,20,S,11.9600,11.9500,11.9400,11.9300,11.9200,11.9700,11.9800,11.9900,12.0000,12.0100,184,300,282,1194,1844,930,183,778,2076,210
SZ,000001,2019-06-06 09:48:09,11.9500,5,597896.0000,500,S,11.9600,11.9500,11.9400,11.9300,11.9200,11.9700,11.9800,11.9900,12.0000,12.0100,8,96,277,1194,1802,832,183,778,2076,210
SZ,000001,2019-06-06 09:48:12,11.9700,8,19128.0000,16,B,11.9500,11.9400,11.9300,11.9200,11.9100,11.9700,11.9800,11.9900,12.0000,12.0100,122,274,1194,1852,1704,831,183,798,2071,210
SZ,000001,2019-06-06 09:48:15,11.9700,27,1018632.0000,851,B,11.9600,11.9500,11.9400,11.9300,11.9200,11.9700,11.9800,11.9900,12.0000,12.0100,45,112,274,1194,1852,0,183,798,2071,210
SZ,000001,2019-06-06 09:48:18,11.9600,7,77640.0000,65,S,11.9600,11.9500,11.9400,11.9300,11.9200,11.9800,11.9900,12.0000,12.0100,12.0200,42,112,273,1194,1862,294,838,2081,210,554
SZ,000001,2019-06-06 09:48:21,11.9600,10,93320.0000,78,S,11.9600,11.9500,11.9400,11.9300,11.9200,11.9800,11.9900,12.0000,12.0100,12.0200,40,112,293,1194,1852,328,838,2081,210,551
SZ,000001,2019-06-06 09:48:24,11.9700,4,51464.0000,43,B,11.9600,11.9500,11.9400,11.9300,11.9200,11.9700,11.9800,11.9900,12.0000,12.0100,46,81,308,1194,1852,231,395,838,2081,210
SZ,000001,2019-06-06 09:48:27,11.9700,19,567320.0000,474,B,11.9600,11.9500,11.9400,11.9300,11.9200,11.9700,11.9800,11.9900,12.0000,12.0100,96,82,308,1194,1858,31,400,838,2081,210
SZ,000001,2019-06-06 09:48:30,11.9600,8,344464.0000,288,S,11.9600,11.9500,11.9400,11.9300,11.9200,11.9700,11.9800,11.9900,12.0000,12.0100,119,82,308,1200,1858,298,400,858,2081,210
SZ,000001,2019-06-06 09:48:33,11.9600,5,215280.0000,180,S,11.9500,11.9400,11.9300,11.9200,11.9100,11.9600,11.9700,11.9800,11.9900,12.0000,82,308,1250,1858,1666,112,762,440,858,2081
SZ,000001,2019-06-06 09:48:36,11.9500,5,138728.0000,116,S,11.9500,11.9400,11.9300,11.9200,11.9100,11.9600,11.9700,11.9800,11.9900,12.0000,82,308,1317,1858,1666,11,762,363,858,2081
SZ,000001,2019-06-06 09:48:39,11.9600,5,39472.0000,33,B,11.9600,11.9500,11.9400,11.9300,11.9200,11.9700,11.9800,11.9900,12.0000,12.0100,17,82,308,1317,1858,762,363,858,2081,210
SZ,000001,2019-06-06 09:48:42,11.9500,2,49008.0000,41,S,11.9500,11.9400,11.9300,11.9200,11.9100,11.9600,11.9700,11.9800,11.9900,12.0000,744,278,1317,1858,1648,50,763,603,862,2081
SZ,000001,2019-06-06 09:48:45,11.9600,3,8376.0000,7,B,11.9500,11.9400,11.9300,11.9200,11.9100,11.9600,11.9700,11.9800,11.9900,12.0000,756,278,1317,1858,1648,60,763,603,862,2071
SZ,000001,2019-06-06 09:48:48,11.9700,8,131528.0000,110,B,11.9500,11.9400,11.9300,11.9200,11.9100,11.9700,11.9800,11.9900,12.0000,12.0100,718,278,1322,1863,1648,762,603,862,2072,210
SZ,000001,2019-06-06 09:48:51,11.9700,2,4784.0000,4,B,11.9500,11.9400,11.9300,11.9200,11.9100,11.9600,11.9700,11.9800,11.9900,12.0000,736,298,1517,1863,1648,1,484,603,864,2072
SZ,000001,2019-06-06 09:48:54,11.9700,5,337552.0000,282,B,11.9600,11.9500,11.9400,11.9300,11.9200,11.9700,11.9800,11.9900,12.0000,12.0100,6,735,1455,1557,1863,203,613,867,2072,212
SZ,000001,2019-06-06 09:48:57,11.9700,5,29928.0000,25,B,11.9600,11.9500,11.9400,11.9300,11.9200,11.9700,11.9800,11.9900,12.0000,12.0100,17,735,1455,1557,1943,188,613,867,2072,212
SZ,000001,2019-06-06 09:49:00,11.9600,11,232216.0000,194,S,11.9700,11.9600,11.9500,11.9400,11.9300,11.9800,11.9900,12.0000,12.0100,12.0200,30,328,733,1455,1557,613,927,2072,212,571
SZ,000001,2019-06-06 09:49:03,11.9700,16,170072.0000,142,S,11.9600,11.9500,11.9400,11.9300,11.9200,11.9700,11.9800,11.9900,12.0000,12.0100,335,433,1267,1557,2153,7,704,1027,2072,212
SZ,000001,2019-06-06 09:49:06,11.9600,10,214088.0000,179,S,11.9600,11.9500,11.9400,11.9300,11.9200,11.9700,11.9800,11.9900,12.0000,12.0100,167,433,1267,1557,2153,34,704,1037,2072,212
SZ,000001,2019-06-06 09:49:09,11.9600,9,51448.0000,43,S,11.9600,11.9500,11.9400,11.9300,11.9200,11.9700,11.9800,11.9900,12.0000,12.0100,141,433,1269,1557,2153,33,704,1037,2074,212
SZ,000001,2019-06-06 09:49:12,11.9700,5,11968.0000,10,B,11.9600,11.9500,11.9400,11.9300,11.9200,11.9700,11.9800,11.9900,12.0000,12.0100,161,433,1269,1557,2149,26,704,1044,2074,232
SZ,000001,2019-06-06 09:49:15,11.9600,4,37080.0000,31,S,11.9600,11.9500,11.9400,11.9300,11.9200,11.9700,11.9800,11.9900,12.0000,12.0100,785,433,1269,1557,2149,19,726,1044,2074,232
SZ,000001,2019-06-06 09:49:18,11.9600,20,173464.0000,145,S,11.9600,11.9500,11.9400,11.9300,11.9200,11.9700,11.9800,11.9900,12.0000,12.0100,646,433,1309,1557,2149,45,717,1044,2084,232
SZ,000001,2019-06-06 09:49:21,11.9700,11,327952.0000,274,S,11.9700,11.9600,11.9500,11.9400,11.9300,11.9800,11.9900,12.0000,12.0100,12.0200,238,622,453,1333,1545,717,1044,2084,232,571
SZ,000001,2019-06-06 09:49:24,11.9600,13,446440.0000,373,S,11.9600,11.9500,11.9400,11.9300,11.9200,11.9700,11.9800,11.9900,12.0000,12.0100,546,453,1333,1545,2164,29,664,1049,2084,232
SZ,000001,2019-06-06 09:49:27,11.9600,5,83720.0000,70,S,11.9600,11.9500,11.9400,11.9300,11.9200,11.9700,11.9800,11.9900,12.0000,12.0100,477,453,1332,1545,2164,54,664,1049,2084,232
SZ,000001,2019-06-06 09:49:30,11.9600,3,143536.0000,120,S,11.9600,11.9500,11.9400,11.9300,11.9200,11.9700,11.9800,11.9900,12.0000,12.0100,442,453,1332,1545,2164,34,627,1049,2082,232
SZ,000001,2019-06-06 09:49:33,11.9700,20,678120.0000,567,B,11.9600,11.9500,11.9400,11.9300,11.9200,11.9700,11.9800,11.9900,12.0000,12.0100,209,425,1332,1545,2164,5,475,1049,2082,232
SZ,000001,2019-06-06 09:49:36,11.9600,5,55016.0000,46,S,11.9600,11.9500,11.9400,11.9300,11.9200,11.9700,11.9800,11.9900,12.0000,12.0100,172,437,1336,1582,2164,28,491,1049,2082,232
SZ,000001,2019-06-06 09:49:39,11.9600,3,118400.0000,99,S,11.9600,11.9500,11.9400,11.9300,11.9200,11.9700,11.9800,11.9900,12.0000,12.0100,73,437,1316,1582,2164,24,491,1028,2082,232
SZ,000001,2019-06-06 09:49:42,11.9600,9,62248.0000,52,S,11.9600,11.9500,11.9400,11.9300,11.9200,11.9700,11.9800,11.9900,12.0000,12.0100,82,437,1316,1582,2114,7,491,1050,2082,232
SZ,000001,2019-06-06 09:49:45,11.9700,4,8376.0000,7,B,11.9700,11.9600,11.9500,11.9400,11.9300,11.9800,11.9900,12.0000,12.0100,12.0200,4,380,437,1316,1569,506,1050,2082,232,591
SZ,000001,2019-06-06 09:49:48,11.9700,4,22744.0000,19,S,11.9700,11.9600,11.9500,11.9400,11.9300,11.9800,11.9900,12.0000,12.0100,12.0200,39,379,437,1316,1569,563,1050,2082,232,591
SZ,000001,2019-06-06 09:49:51,11.9800,2,23960.0000,20,B,11.9700,11.9600,11.9500,11.9400,11.9300,11.9800,11.9900,12.0000,12.0100,12.0200,40,379,437,1316,1569,796,1050,2082,232,591
SZ,000001,2019-06-06 09:49:54,11.9700,3,35928.0000,30,S,11.9700,11.9600,11.9500,11.9400,11.9300,11.9800,11.9900,12.0000,12.0100,12.0200,31,379,437,1316,1569,1044,1050,2082,232,591
SZ,000001,2019-06-06 09:49:57,11.9700,3,19152.0000,16,S,11.9700,11.9600,11.9500,11.9400,11.9300,11.9800,11.9900,12.0000,12.0100,12.0200,37,369,437,1317,1569,1024,1050,2102,232,591
SZ,000001,2019-06-06 09:50:00,11.9800,2,5992.0000,5,B,11.9700,11.9600,11.9500,11.9400,11.9300,11.9800,11.9900,12.0000,12.0100,12.0200,34,373,437,1317,1571,1051,1050,2102,277,591
SZ,000001,2019-06-06 09:50:03,11.9800,9,31128.0000,26,B,11.9700,11.9600,11.9500,11.9400,11.9300,11.9800,11.9900,12.0000,12.0100,12.0200,12,371,437,1317,1574,977,1050,2101,277,591
SZ,000001,2019-06-06 09:50:06,11.9700,9,400128.0000,334,S,11.9700,11.9600,11.9500,11.9400,11.9300,11.9800,11.9900,12.0000,12.0100,12.0200,57,391,441,1317,1574,684,990,2101,277,591
SZ,000001,2019-06-06 09:50:09,11.9800,9,80248.0000,67,B,11.9700,11.9600,11.9500,11.9400,11.9300,11.9800,11.9900,12.0000,12.0100,12.0200,39,387,441,1317,1574,654,990,2101,277,591
SZ,000001,2019-06-06 09:50:12,11.9800,3,22752.0000,19,B,11.9700,11.9600,11.9500,11.9400,11.9300,11.9800,11.9900,12.0000,12.0100,12.0200,48,387,451,1317,1574,658,990,2101,277,591
SZ,000001,2019-06-06 09:50:15,11.9700,10,65840.0000,55,S,11.9600,11.9500,11.9400,11.9300,11.9200,11.9700,11.9800,11.9900,12.0000,12.0100,387,456,1317,1574,2159,53,654,872,2101,277
SZ,000001,2019-06-06 09:50:21,11.9700,2,29896.0000,25,B,11.9600,11.9500,11.9400,11.9300,11.9200,11.9700,11.9800,11.9900,12.0000,12.0100,395,456,1319,1567,2159,87,644,972,2085,277
SZ,000001,2019-06-06 09:50:24,11.9800,14,280152.0000,234,B,11.9600,11.9500,11.9400,11.9300,11.9200,11.9800,11.9900,12.0000,12.0100,12.0200,355,457,1319,1565,2159,554,989,2075,277,591
SZ,000001,2019-06-06 09:50:27,11.9600,2,52664.0000,44,S,11.9600,11.9500,11.9400,11.9300,11.9200,11.9700,11.9800,11.9900,12.0000,12.0100,315,457,1319,1565,2159,283,525,989,2075,277
SZ,000001,2019-06-06 09:50:30,11.9700,5,104064.0000,87,B,11.9600,11.9500,11.9400,11.9300,11.9200,11.9700,11.9800,11.9900,12.0000,12.0100,241,457,1319,1589,2159,270,534,990,2075,277
SZ,000001,2019-06-06 09:50:33,11.9600,1,28704.0000,24,S,11.9600,11.9500,11.9400,11.9300,11.9200,11.9700,11.9800,11.9900,12.0000,12.0100,218,457,1319,1589,2159,271,594,986,2075,277
SZ,000001,2019-06-06 09:50:36,11.9700,4,69376.0000,58,B,11.9600,11.9500,11.9400,11.9300,11.9200,11.9700,11.9800,11.9900,12.0000,12.0100,468,491,1316,1589,2154,265,594,926,2075,277
SZ,000001,2019-06-06 09:50:39,11.9700,6,373464.0000,312,B,11.9700,11.9600,11.9500,11.9400,11.9300,11.9800,11.9900,12.0000,12.0100,12.0200,172,482,498,1316,1589,604,926,2075,277,581
SZ,000001,2019-06-06 09:50:45,11.9700,3,23960.0000,20,S,11.9700,11.9600,11.9500,11.9400,11.9300,11.9800,11.9900,12.0000,12.0100,12.0200,253,459,509,1316,1589,549,976,2089,277,581
SZ,000001,2019-06-06 09:50:48,11.9700,3,5984.0000,5,S,11.9700,11.9600,11.9500,11.9400,11.9300,11.9800,11.9900,12.0000,12.0100,12.0200,236,446,509,1316,1589,545,1094,2089,277,581
SZ,000001,2019-06-06 09:50:54,11.9700,3,99352.0000,83,S,11.9700,11.9600,11.9500,11.9400,11.9300,11.9800,11.9900,12.0000,12.0100,12.0200,173,446,509,1316,1589,615,1009,2085,277,581
SZ,000001,2019-06-06 09:50:57,11.9800,3,15568.0000,13,B,11.9700,11.9600,11.9500,11.9400,11.9300,11.9800,11.9900,12.0000,12.0100,12.0200,161,446,509,1316,1589,614,1009,2085,277,581
SZ,000001,2019-06-06 09:51:00,11.9700,1,1192.0000,1,S,11.9700,11.9600,11.9500,11.9400,11.9300,11.9800,11.9900,12.0000,12.0100,12.0200,160,446,500,1326,1589,618,959,2085,277,581
SZ,000001,2019-06-06 09:51:03,11.9700,15,226232.0000,189,S,11.9700,11.9600,11.9500,11.9400,11.9300,11.9800,11.9900,12.0000,12.0100,12.0200,6,446,500,1326,1589,707,959,2085,277,581
SZ,000001,2019-06-06 09:51:06,11.9700,12,286304.0000,239,S,11.9700,11.9600,11.9500,11.9400,11.9300,11.9800,11.9900,12.0000,12.0100,12.0200,11,446,500,1326,1609,620,959,2085,277,585
SZ,000001,2019-06-06 09:51:09,11.9800,6,51472.0000,43,B,11.9600,11.9500,11.9400,11.9300,11.9200,11.9800,11.9900,12.0000,12.0100,12.0200,431,500,1326,1609,2154,616,966,2085,277,635
SZ,000001,2019-06-06 09:51:12,11.9700,3,5992.0000,5,S,11.9700,11.9600,11.9500,11.9400,11.9300,11.9800,11.9900,12.0000,12.0100,12.0200,27,731,500,1326,1609,910,966,2095,277,635
SZ,000001,2019-06-06 09:51:15,11.9800,2,14368.0000,12,B,11.9700,11.9600,11.9500,11.9400,11.9300,11.9800,11.9900,12.0000,12.0100,12.0200,25,731,550,1326,1609,900,966,2095,277,635
SZ,000001,2019-06-06 09:51:18,11.9700,3,14376.0000,12,S,11.9700,11.9600,11.9500,11.9400,11.9300,11.9800,11.9900,12.0000,12.0100,12.0200,27,731,550,1326,1609,894,966,2099,277,635
SZ,000001,2019-06-06 09:51:21,11.9800,1,2392.0000,2,B,11.9700,11.9600,11.9500,11.9400,11.9300,11.9800,11.9900,12.0000,12.0100,12.0200,44,736,548,1326,1609,771,976,2109,277,635
SZ,000001,2019-06-06 09:51:24,11.9700,1,5984.0000,5,S,11.9700,11.9600,11.9500,11.9400,11.9300,11.9800,11.9900,12.0000,12.0100,12.0200,47,736,548,1326,1609,801,976,2114,277,635
SZ,000001,2019-06-06 09:51:27,11.9700,3,44320.0000,37,S,11.9700,11.9600,11.9500,11.9400,11.9300,11.9800,11.9900,12.0000,12.0100,12.0200,37,746,548,1326,1609,702,981,2114,277,635
SZ,000001,2019-06-06 09:51:30,11.9700,8,35920.0000,30,S,11.9700,11.9600,11.9500,11.9400,11.9300,11.9800,11.9900,12.0000,12.0100,12.0200,46,746,748,1328,1609,716,986,2114,277,635
SZ,000001,2019-06-06 09:51:33,11.9700,2,4792.0000,4,S,11.9700,11.9600,11.9500,11.9400,11.9300,11.9800,11.9900,12.0000,12.0100,12.0200,54,746,748,1328,1609,718,939,2114,277,685
SZ,000001,2019-06-06 09:51:36,11.9700,2,3592.0000,3,S,11.9700,11.9600,11.9500,11.9400,11.9300,11.9800,11.9900,12.0000,12.0100,12.0200,52,746,748,1328,1609,717,1099,2114,297,685
SZ,000001,2019-06-06 09:51:39,11.9700,7,27528.0000,23,S,11.9700,11.9600,11.9500,11.9400,11.9300,11.9800,11.9900,12.0000,12.0100,12.0200,49,746,748,1328,1809,715,1099,2114,297,685
SZ,000001,2019-06-06 09:51:42,11.9800,2,11976.0000,10,B,11.9700,11.9600,11.9500,11.9400,11.9300,11.9800,11.9900,12.0000,12.0100,12.0200,64,756,748,1328,1809,730,1099,2114,297,685
SZ,000001,2019-06-06 09:51:48,11.9700,16,230016.0000,192,S,11.9700,11.9600,11.9500,11.9400,11.9300,11.9800,11.9900,12.0000,12.0100,12.0200,61,756,750,1328,1809,586,1092,2119,252,685
SZ,000001,2019-06-06 09:51:51,11.9700,2,7176.0000,6,S,11.9700,11.9600,11.9500,11.9400,11.9300,11.9800,11.9900,12.0000,12.0100,12.0200,56,756,750,1328,1809,578,1092,2219,257,685
SZ,000001,2019-06-06 09:51:57,11.9800,1,9584.0000,8,B,11.9700,11.9600,11.9500,11.9400,11.9300,11.9800,11.9900,12.0000,12.0100,12.0200,65,746,418,1328,1809,622,1092,2219,257,675
SZ,000001,2019-06-06 09:52:00,11.9700,4,31128.0000,26,S,11.9700,11.9600,11.9500,11.9400,11.9300,11.9800,11.9900,12.0000,12.0100,12.0200,539,746,426,1328,1809,771,1087,2219,257,675
SZ,000001,2019-06-06 09:52:03,11.9800,16,186888.0000,156,B,11.9700,11.9600,11.9500,11.9400,11.9300,11.9800,11.9900,12.0000,12.0100,12.0200,549,746,426,1328,1809,625,1087,2228,257,675
SZ,000001,2019-06-06 09:52:06,11.9800,6,46696.0000,39,B,11.9700,11.9600,11.9500,11.9400,11.9300,11.9800,11.9900,12.0000,12.0100,12.0200,528,746,426,1328,1809,607,1087,2228,257,675
SZ,000001,2019-06-06 09:52:09,11.9700,9,120904.0000,101,S,11.9700,11.9600,11.9500,11.9400,11.9300,11.9800,11.9900,12.0000,12.0100,12.0200,438,761,447,1328,1809,638,1087,2233,257,675
SZ,000001,2019-06-06 09:52:15,11.9800,1,11976.0000,10,B,11.9700,11.9600,11.9500,11.9400,11.9300,11.9800,11.9900,12.0000,12.0100,12.0200,511,761,447,1328,1742,628,1087,2214,257,675
SZ,000001,2019-06-06 09:52:18,11.9800,3,46704.0000,39,B,11.9700,11.9600,11.9500,11.9400,11.9300,11.9800,11.9900,12.0000,12.0100,12.0200,897,761,547,1328,1742,638,1087,2214,257,675
SZ,000001,2019-06-06 09:52:21,11.9800,1,2392.0000,2,B,11.9700,11.9600,11.9500,11.9400,11.9300,11.9800,11.9900,12.0000,12.0100,12.0200,897,761,547,1328,1742,637,1083,2214,257,675
SZ,000001,2019-06-06 09:52:24,11.9700,2,180752.0000,151,S,11.9700,11.9600,11.9500,11.9400,11.9300,11.9800,11.9900,12.0000,12.0100,12.0200,767,761,547,1328,1742,637,1083,2214,257,675
SZ,000001,2019-06-06 09:52:27,11.9800,1,44320.0000,37,B,11.9700,11.9600,11.9500,11.9400,11.9300,11.9800,11.9900,12.0000,12.0100,12.0200,767,759,547,1328,1742,900,1083,2214,257,675
SZ,000001,2019-06-06 09:52:30,11.9800,29,1134512.0000,947,B,11.9800,11.9700,11.9600,11.9500,11.9400,11.9900,12.0000,12.0100,12.0200,12.0300,115,767,759,547,1328,1083,2218,257,675,1443
SZ,000001,2019-06-06 09:52:33,11.9800,2,33544.0000,28,S,11.9800,11.9700,11.9600,11.9500,11.9400,11.9900,12.0000,12.0100,12.0200,12.0300,181,757,759,547,1328,1083,2219,257,675,1443
SZ,000001,2019-06-06 09:52:36,11.9900,5,35944.0000,30,B,11.9800,11.9700,11.9600,11.9500,11.9400,11.9900,12.0000,12.0100,12.0200,12.0300,176,747,759,547,1328,1094,2219,257,606,1443
SZ,000001,2019-06-06 09:52:39,11.9800,2,40736.0000,34,S,11.9800,11.9700,11.9600,11.9500,11.9400,11.9900,12.0000,12.0100,12.0200,12.0300,214,747,759,547,1328,1088,2214,257,616,1443
SZ,000001,2019-06-06 09:52:42,11.9900,2,20376.0000,17,B,11.9800,11.9700,11.9600,11.9500,11.9400,11.9900,12.0000,12.0100,12.0200,12.0300,201,755,759,547,1328,1077,2214,257,616,1443
SZ,000001,2019-06-06 09:52:45,11.9900,3,17992.0000,15,B,11.9800,11.9700,11.9600,11.9500,11.9400,11.9900,12.0000,12.0100,12.0200,12.0300,199,760,759,547,1328,1071,2190,257,616,1443
SZ,000001,2019-06-06 09:52:48,11.9900,2,13176.0000,11,B,11.9800,11.9700,11.9600,11.9500,11.9400,11.9900,12.0000,12.0100,12.0200,12.0300,191,760,759,547,1328,1170,2190,257,616,1443
SZ,000001,2019-06-06 09:52:51,11.9900,2,29976.0000,25,B,11.9800,11.9700,11.9600,11.9500,11.9400,11.9900,12.0000,12.0100,12.0200,12.0300,722,764,759,547,1328,1355,2190,257,613,1443
SZ,000001,2019-06-06 09:52:54,11.9900,3,39544.0000,33,B,11.9800,11.9700,11.9600,11.9500,11.9400,11.9900,12.0000,12.0100,12.0200,12.0300,731,764,759,547,1328,1428,2190,257,613,1443
SZ,000001,2019-06-06 09:52:57,11.9800,2,13176.0000,11,S,11.9800,11.9700,11.9600,11.9500,11.9400,11.9900,12.0000,12.0100,12.0200,12.0300,731,764,759,547,1328,1448,2190,257,606,1443
SZ,000001,2019-06-06 09:53:00,11.9900,46,1738784.0000,1450,B,11.9900,11.9800,11.9700,11.9600,11.9500,12.0000,12.0100,12.0200,12.0300,12.0400,161,911,754,759,550,2190,257,606,1443,1545
SZ,000001,2019-06-06 09:53:03,11.9900,2,14384.0000,12,S,11.9900,11.9800,11.9700,11.9600,11.9500,12.0000,12.0100,12.0200,12.0300,12.0400,171,877,754,1011,550,2204,257,606,1443,1545
SZ,000001,2019-06-06 09:53:06,12.0000,13,249432.0000,208,B,11.9900,11.9800,11.9700,11.9600,11.9500,12.0000,12.0100,12.0200,12.0300,12.0400,20,865,754,1011,550,2183,257,576,1443,1545
SZ,000001,2019-06-06 09:53:09,11.9900,7,26144.0000,22,S,11.9800,11.9700,11.9600,11.9500,11.9400,11.9900,12.0000,12.0100,12.0200,12.0300,825,422,1011,550,1328,3,2384,257,576,1443
SZ,000001,2019-06-06 09:53:12,11.9900,11,856104.0000,714,B,11.9800,11.9700,11.9600,11.9500,11.9400,11.9900,12.0000,12.0100,12.0200,12.0300,495,422,1011,550,1328,34,2008,257,576,1443
SZ,000001,2019-06-06 09:53:15,11.9900,4,40768.0000,34,B,11.9800,11.9700,11.9600,11.9500,11.9400,11.9900,12.0000,12.0100,12.0200,12.0300,502,422,1011,550,1344,12,2013,257,576,1443
SZ,000001,2019-06-06 09:53:18,11.9900,9,92328.0000,77,B,11.9800,11.9700,11.9600,11.9500,11.9400,11.9900,12.0000,12.0100,12.0200,12.0300,475,427,1011,550,1344,3,1975,257,576,1443
SZ,000001,2019-06-06 09:53:21,11.9900,5,59968.0000,50,B,11.9900,11.9800,11.9700,11.9600,11.9500,12.0000,12.0100,12.0200,12.0300,12.0400,8,457,427,1011,650,1960,257,576,1440,1545
SZ,000001,2019-06-06 09:53:24,11.9900,3,5992.0000,5,S,11.9900,11.9800,11.9700,11.9600,11.9500,12.0000,12.0100,12.0200,12.0300,12.0400,19,447,358,1008,648,1960,257,576,1444,1545
SZ,000001,2019-06-06 09:53:27,11.9900,9,194336.0000,162,S,11.9800,11.9700,11.9600,11.9500,11.9400,11.9900,12.0000,12.0100,12.0200,12.0300,447,358,1008,658,1344,458,1962,247,576,1444
SZ,000001,2019-06-06 09:53:30,11.9800,8,558704.0000,466,S,11.9800,11.9700,11.9600,11.9500,11.9400,11.9900,12.0000,12.0100,12.0200,12.0300,463,358,298,658,1344,527,1963,247,576,1460
SZ,000001,2019-06-06 09:53:33,11.9900,5,117504.0000,98,B,11.9800,11.9700,11.9600,11.9500,11.9400,11.9900,12.0000,12.0100,12.0200,12.0300,464,112,298,658,1344,429,1942,247,600,1460
SZ,000001,2019-06-06 09:53:36,11.9900,5,124648.0000,104,B,11.9800,11.9700,11.9600,11.9500,11.9400,11.9900,12.0000,12.0100,12.0200,12.0300,420,112,298,658,1344,369,1942,247,600,1460
SZ,000001,2019-06-06 09:53:39,11.9800,3,106680.0000,89,S,11.9800,11.9700,11.9600,11.9500,11.9400,11.9900,12.0000,12.0100,12.0200,12.0300,390,112,308,663,1344,335,1946,247,625,1460
SZ,000001,2019-06-06 09:53:42,11.9900,2,33576.0000,28,B,11.9800,11.9700,11.9600,11.9500,11.9400,11.9900,12.0000,12.0100,12.0200,12.0300,398,112,308,663,1344,394,1938,247,625,1560
SZ,000001,2019-06-06 09:53:45,11.9800,2,33544.0000,28,S,11.9800,11.9700,11.9600,11.9500,11.9400,11.9900,12.0000,12.0100,12.0200,12.0300,370,112,308,683,1344,402,1938,247,625,1560
SZ,000001,2019-06-06 09:53:48,11.9800,3,91048.0000,76,S,11.9800,11.9700,11.9600,11.9500,11.9400,11.9900,12.0000,12.0100,12.0200,12.0300,573,112,308,753,1328,440,1938,247,625,1560
SZ,000001,2019-06-06 09:53:51,11.9900,4,89928.0000,75,B,11.9800,11.9700,11.9600,11.9500,11.9400,11.9900,12.0000,12.0100,12.0200,12.0300,570,145,308,753,1322,689,1939,247,615,1560
SZ,000001,2019-06-06 09:53:54,11.9900,13,826112.0000,689,B,11.9900,11.9800,11.9700,11.9600,11.9500,12.0000,12.0100,12.0200,12.0300,12.0400,104,579,145,308,753,1857,247,615,1560,1540
SZ,000001,2019-06-06 09:53:57,11.9900,2,13184.0000,11,S,11.9900,11.9800,11.9700,11.9600,11.9500,12.0000,12.0100,12.0200,12.0300,12.0400,168,567,145,308,753,1903,247,625,1560,1540
SZ,000001,2019-06-06 09:54:00,11.9900,14,201432.0000,168,S,11.9800,11.9700,11.9600,11.9500,11.9400,12.0000,12.0100,12.0200,12.0300,12.0400,577,136,308,753,1322,1902,247,625,1557,1540
SZ,000001,2019-06-06 09:54:06,12.0000,3,19200.0000,16,B,11.9900,11.9800,11.9700,11.9600,11.9500,12.0000,12.0100,12.0200,12.0300,12.0400,38,1077,136,308,753,1895,247,625,1557,1540
SZ,000001,2019-06-06 09:54:09,11.9900,7,53952.0000,45,S,11.9800,11.9700,11.9600,11.9500,11.9400,11.9900,12.0000,12.0100,12.0200,12.0300,1077,136,308,863,1322,136,1825,247,625,1557
SZ,000001,2019-06-06 09:54:12,11.9900,5,121096.0000,101,B,11.9800,11.9700,11.9600,11.9500,11.9400,11.9900,12.0000,12.0100,12.0200,12.0300,1077,136,308,863,1322,52,1810,247,625,1557
SZ,000001,2019-06-06 09:54:15,11.9900,3,33576.0000,28,B,11.9800,11.9700,11.9600,11.9500,11.9400,11.9900,12.0000,12.0100,12.0200,12.0300,1077,136,308,863,1322,146,1807,247,625,1557
SZ,000001,2019-06-06 09:54:18,11.9900,12,184648.0000,154,B,11.9900,11.9800,11.9700,11.9600,11.9500,12.0000,12.0100,12.0200,12.0300,12.0400,490,1078,136,313,863,1802,247,627,1557,1440
SZ,000001,2019-06-06 09:54:21,12.0000,31,1276736.0000,1064,B,11.9900,11.9800,11.9700,11.9600,11.9500,12.0000,12.0100,12.0200,12.0300,12.0400,450,1078,136,313,926,816,247,627,1557,1440
SZ,000001,2019-06-06 09:54:24,12.0000,3,7200.0000,6,B,11.9900,11.9800,11.9700,11.9600,11.9500,12.0000,12.0100,12.0200,12.0300,12.0400,448,1077,136,313,926,820,247,692,1557,1440
SZ,000001,2019-06-06 09:54:27,12.0000,49,989480.0000,824,B,12.0000,11.9900,11.9800,11.9700,11.9600,12.0100,12.0200,12.0300,12.0400,12.0500,175,458,1077,136,313,247,702,1557,1440,1476
SZ,000001,2019-06-06 09:54:30,12.0000,3,34800.0000,29,S,12.0000,11.9900,11.9800,11.9700,11.9600,12.0100,12.0200,12.0300,12.0400,12.0500,337,464,1077,136,313,249,701,1557,1440,1476
SZ,000001,2019-06-06 09:54:33,12.0000,2,13208.0000,11,S,12.0000,11.9900,11.9800,11.9700,11.9600,12.0100,12.0200,12.0300,12.0400,12.0500,335,464,1077,132,313,244,701,1594,1430,1476
SZ,000001,2019-06-06 09:54:36,12.0200,15,296648.0000,247,B,12.0100,12.0000,11.9900,11.9800,11.9700,12.0200,12.0300,12.0400,12.0500,12.0600,314,349,464,1077,132,698,1594,1427,1476,1224
SZ,000001,2019-06-06 09:54:39,12.0100,6,439568.0000,366,S,12.0000,11.9900,11.9800,11.9700,11.9600,12.0100,12.0200,12.0300,12.0400,12.0500,334,464,1066,99,319,167,699,1594,1427,1476
SZ,000001,2019-06-06 09:54:42,12.0000,4,55200.0000,46,S,12.0000,11.9900,11.9800,11.9700,11.9600,12.0100,12.0200,12.0300,12.0400,12.0500,420,464,1066,99,319,166,736,1589,1427,1507
SZ,000001,2019-06-06 09:54:45,12.0100,5,12016.0000,10,B,12.0000,11.9900,11.9800,11.9700,11.9600,12.0100,12.0200,12.0300,12.0400,12.0500,433,464,1066,99,319,106,739,1589,1427,1507
SZ,000001,2019-06-06 09:54:48,12.0100,5,39608.0000,33,B,12.0000,11.9900,11.9800,11.9700,11.9600,12.0100,12.0200,12.0300,12.0400,12.0500,409,446,1066,99,319,103,818,1589,1427,1507
SZ,000001,2019-06-06 09:54:51,12.0100,5,147608.0000,123,B,12.0000,11.9900,11.9800,11.9700,11.9600,12.0100,12.0200,12.0300,12.0400,12.0500,323,444,1064,99,319,109,903,1589,1835,1512
SZ,000001,2019-06-06 09:54:54,12.0100,7,217208.0000,181,B,12.0000,11.9900,11.9800,11.9700,11.9600,12.0100,12.0200,12.0300,12.0400,12.0500,153,444,1044,99,319,152,906,1592,1835,1512
SZ,000001,2019-06-06 09:54:57,11.9900,16,266928.0000,223,S,11.9900,11.9800,11.9700,11.9600,11.9500,12.0000,12.0100,12.0200,12.0300,12.0400,420,1044,94,319,883,69,125,926,1592,1835
SZ,000001,2019-06-06 09:55:00,12.0000,2,26400.0000,22,B,11.9900,11.9800,11.9700,11.9600,11.9500,12.0000,12.0100,12.0200,12.0300,12.0400,420,1044,104,319,883,107,235,966,1622,1779
SZ,000001,2019-06-06 09:55:03,12.0100,5,213088.0000,177,B,12.0000,11.9900,11.9800,11.9700,11.9600,12.0100,12.0200,12.0300,12.0400,12.0500,227,420,1044,104,319,262,951,1622,1779,1462
SZ,000001,2019-06-06 09:55:06,12.0100,4,31208.0000,26,B,12.0000,11.9900,11.9800,11.9700,11.9600,12.0100,12.0200,12.0300,12.0400,12.0500,213,420,1044,104,319,300,953,1612,1769,1462
SZ,000001,2019-06-06 09:55:09,12.0000,9,280136.0000,234,S,11.9900,11.9800,11.9700,11.9600,11.9500,12.0000,12.0100,12.0200,12.0300,12.0400,420,1044,104,319,883,9,300,953,1612,1769
SZ,000001,2019-06-06 09:55:12,12.0100,6,39608.0000,33,B,11.9900,11.9800,11.9700,11.9600,11.9500,12.0000,12.0100,12.0200,12.0300,12.0400,1414,1044,104,369,898,20,322,953,1612,1769
SZ,000001,2019-06-06 09:55:18,12.0000,13,580800.0000,484,B,12.0000,11.9900,11.9800,11.9700,11.9600,12.0100,12.0200,12.0300,12.0400,12.0500,408,1473,1044,104,369,343,983,1612,1769,1468
SZ,000001,2019-06-06 09:55:21,12.0000,2,30000.0000,25,S,12.0000,11.9900,11.9800,11.9700,11.9600,12.0100,12.0200,12.0300,12.0400,12.0500,426,1463,1044,104,369,344,1014,1622,1769,1468
SZ,000001,2019-06-06 09:55:27,12.0000,1,3600.0000,3,S,12.0000,11.9900,11.9800,11.9700,11.9600,12.0100,12.0200,12.0300,12.0400,12.0500,461,1465,1311,104,369,589,997,1622,1919,1468
SZ,000001,2019-06-06 09:55:30,12.0000,3,32408.0000,27,S,12.0000,11.9900,11.9800,11.9700,11.9600,12.0100,12.0200,12.0300,12.0400,12.0500,740,1465,1311,104,369,586,1047,1622,1919,1553
SZ,000001,2019-06-06 09:55:33,12.0000,2,36000.0000,30,S,12.0000,11.9900,11.9800,11.9700,11.9600,12.0100,12.0200,12.0300,12.0400,12.0500,710,1465,1311,104,369,585,1067,1622,1919,1553
SZ,000001,2019-06-06 09:55:36,12.0100,2,15608.0000,13,B,12.0000,11.9900,11.9800,11.9700,11.9600,12.0100,12.0200,12.0300,12.0400,12.0500,721,1465,1311,124,369,666,1087,1622,1919,1548
SZ,000001,2019-06-06 09:55:39,12.0000,16,537608.0000,448,S,12.0000,11.9900,11.9800,11.9700,11.9600,12.0100,12.0200,12.0300,12.0400,12.0500,34,1465,1311,124,369,867,1307,1622,1919,1548
SZ,000001,2019-06-06 09:55:42,12.0000,10,92400.0000,77,S,11.9900,11.9800,11.9700,11.9600,11.9500,12.0000,12.0100,12.0200,12.0300,12.0400,1455,1311,124,369,906,140,1420,1312,1645,1919
SZ,000001,2019-06-06 09:55:45,12.0100,5,19208.0000,16,B,12.0000,11.9900,11.9800,11.9700,11.9600,12.0100,12.0200,12.0300,12.0400,12.0500,260,1455,1311,124,366,1381,1321,1645,1919,1568
SZ,000001,2019-06-06 09:55:48,12.0000,5,178800.0000,149,S,12.0000,11.9900,11.9800,11.9700,11.9600,12.0100,12.0200,12.0300,12.0400,12.0500,125,1455,1311,124,366,1382,1331,1645,1919,1563
SZ,000001,2019-06-06 09:55:51,12.0000,7,181200.0000,151,S,11.9900,11.9800,11.9700,11.9600,11.9500,12.0000,12.0100,12.0200,12.0300,12.0400,1455,1311,124,366,906,78,1706,1333,1645,1919
SZ,000001,2019-06-06 09:55:54,12.0000,4,24000.0000,20,B,11.9900,11.9800,11.9700,11.9600,11.9500,12.0000,12.0100,12.0200,12.0300,12.0400,1456,1311,126,366,906,65,1704,1343,1645,1919
SZ,000001,2019-06-06 09:55:57,11.9900,4,22800.0000,19,S,11.9900,11.9800,11.9700,11.9600,11.9500,12.0000,12.0100,12.0200,12.0300,12.0400,453,1311,126,316,906,78,1664,1343,1645,1919
SZ,000001,2019-06-06 09:56:00,12.0000,14,208800.0000,174,B,12.0000,11.9900,11.9800,11.9700,11.9600,12.0100,12.0200,12.0300,12.0400,12.0500,195,465,1311,126,316,1664,1343,1637,1919,1592
SZ,000001,2019-06-06 09:56:03,12.0100,9,253320.0000,211,B,12.0000,11.9900,11.9800,11.9700,11.9600,12.0100,12.0200,12.0300,12.0400,12.0500,114,456,1311,126,316,1650,1343,1637,1919,1587
SZ,000001,2019-06-06 09:56:06,12.0000,3,24000.0000,20,S,12.0000,11.9900,11.9800,11.9700,11.9600,12.0100,12.0200,12.0300,12.0400,12.0500,181,456,1311,126,316,1742,1343,1637,1919,1587
SZ,000001,2019-06-06 09:56:09,12.0000,17,229208.0000,191,S,12.0000,11.9900,11.9800,11.9700,11.9600,12.0100,12.0200,12.0300,12.0400,12.0500,2,456,1311,126,316,1805,1345,1638,1919,1587
SZ,000001,2019-06-06 09:56:12,12.0000,3,18000.0000,15,S,11.9900,11.9800,11.9700,11.9600,11.9500,12.0000,12.0100,12.0200,12.0300,12.0400,453,1311,126,319,906,32,1931,1311,1638,1919
SZ,000001,2019-06-06 09:56:15,12.0000,8,56400.0000,47,B,12.0000,11.9900,11.9800,11.9700,11.9600,12.0100,12.0200,12.0300,12.0400,12.0500,62,453,1311,126,319,2020,1301,1638,1919,1587
SZ,000001,2019-06-06 09:56:18,12.0100,7,128392.0000,107,B,11.9900,11.9800,11.9700,11.9600,11.9500,12.0100,12.0200,12.0300,12.0400,12.0500,430,1311,126,319,906,1998,1303,1638,1919,1587
SZ,000001,2019-06-06 09:56:21,12.0100,25,550056.0000,458,B,11.9900,11.9800,11.9700,11.9600,11.9500,12.0000,12.0100,12.0200,12.0300,12.0400,430,1311,126,320,906,250,1479,1303,1638,1919
SZ,000001,2019-06-06 09:56:24,12.0000,1,12000.0000,10,B,11.9900,11.9800,11.9700,11.9600,11.9500,12.0000,12.0100,12.0200,12.0300,12.0400,419,1311,126,320,906,295,1479,1259,1628,1919
SZ,000001,2019-06-06 09:56:27,12.0000,10,386384.0000,322,B,12.0000,11.9900,11.9800,11.9700,11.9600,12.0100,12.0200,12.0300,12.0400,12.0500,194,436,1311,126,320,1479,1264,1628,1919,1587
SZ,000001,2019-06-06 09:56:30,12.0000,2,33600.0000,28,S,12.0000,11.9900,11.9800,11.9700,11.9600,12.0100,12.0200,12.0300,12.0400,12.0500,209,431,1311,126,320,1472,1288,1628,1919,1592
SZ,000001,2019-06-06 09:56:33,12.0100,1,3608.0000,3,B,12.0000,11.9900,11.9800,11.9700,11.9600,12.0100,12.0200,12.0300,12.0400,12.0500,206,434,1304,126,320,1441,1331,1606,1919,1592
SZ,000001,2019-06-06 09:56:36,12.0000,11,363600.0000,303,S,11.9900,11.9800,11.9700,11.9600,11.9500,12.0000,12.0100,12.0200,12.0300,12.0400,435,1314,126,320,890,28,1443,1321,1606,1919
SZ,000001,2019-06-06 09:56:39,12.0000,2,6000.0000,5,B,11.9900,11.9800,11.9700,11.9600,11.9500,12.0000,12.0100,12.0200,12.0300,12.0400,435,1319,126,68,890,66,1515,1321,1606,1924
SZ,000001,2019-06-06 09:56:42,11.9900,1,23976.0000,20,S,11.9900,11.9800,11.9700,11.9600,11.9500,12.0000,12.0100,12.0200,12.0300,12.0400,427,1319,126,68,890,83,1542,1331,1615,1924
SZ,000001,2019-06-06 09:56:45,12.0000,1,6000.0000,5,B,11.9900,11.9800,11.9700,11.9600,11.9500,12.0000,12.0100,12.0200,12.0300,12.0400,436,1319,126,68,890,85,1560,1338,1615,1924
SZ,000001,2019-06-06 09:56:48,12.0000,1,12000.0000,10,B,11.9900,11.9800,11.9700,11.9600,11.9500,12.0000,12.0100,12.0200,12.0300,12.0400,478,1359,126,68,891,85,1600,1338,1615,1924
SZ,000001,2019-06-06 09:56:51,12.0000,3,29976.0000,25,B,11.9900,11.9800,11.9700,11.9600,11.9500,12.0000,12.0100,12.0200,12.0300,12.0400,461,1359,126,68,891,87,1591,1438,1615,1924
SZ,000001,2019-06-06 09:56:54,12.0000,3,47968.0000,40,B,11.9900,11.9800,11.9700,11.9600,11.9500,12.0000,12.0100,12.0200,12.0300,12.0400,424,1359,126,68,891,106,1591,1438,1615,1924
SZ,000001,2019-06-06 09:57:00,11.9900,1,4792.0000,4,S,11.9900,11.9800,11.9700,11.9600,11.9500,12.0000,12.0100,12.0200,12.0300,12.0400,430,1359,126,68,891,145,1628,1438,1615,1944
SZ,000001,2019-06-06 09:57:03,12.0000,21,279600.0000,233,B,12.0000,11.9900,11.9800,11.9700,11.9600,12.0100,12.0200,12.0300,12.0400,12.0500,146,434,1359,126,68,1693,1438,1615,1944,1685
SZ,000001,2019-06-06 09:57:06,12.0000,3,22808.0000,19,S,12.0000,11.9900,11.9800,11.9700,11.9600,12.0100,12.0200,12.0300,12.0400,12.0500,164,424,1359,116,68,1684,1430,1615,1939,1705
SZ,000001,2019-06-06 09:57:09,12.0100,2,18008.0000,15,B,12.0000,11.9900,11.9800,11.9700,11.9600,12.0100,12.0200,12.0300,12.0400,12.0500,360,424,1359,116,68,1734,1430,1615,1939,1715
SZ,000001,2019-06-06 09:57:15,12.0000,1,60000.0000,50,S,12.0000,11.9900,11.9800,11.9700,11.9600,12.0100,12.0200,12.0300,12.0400,12.0500,379,420,1354,116,68,1742,1430,1615,1983,1717
SZ,000001,2019-06-06 09:57:18,12.0000,13,181224.0000,151,S,12.0000,11.9900,11.9800,11.9700,11.9600,12.0100,12.0200,12.0300,12.0400,12.0500,243,420,1354,116,68,1721,1430,1652,1983,1721
SZ,000001,2019-06-06 09:57:21,12.0000,10,312000.0000,260,S,12.0000,11.9900,11.9800,11.9700,11.9600,12.0100,12.0200,12.0300,12.0400,12.0500,28,420,1354,126,68,1718,1435,1652,1983,1721
SZ,000001,2019-06-06 09:57:24,12.0000,8,49200.0000,41,S,11.9900,11.9800,11.9700,11.9600,11.9500,12.0000,12.0100,12.0200,12.0300,12.0400,429,1354,126,70,890,1,1718,1435,1652,1983
SZ,000001,2019-06-06 09:57:27,11.9900,6,43216.0000,36,S,11.9900,11.9800,11.9700,11.9600,11.9500,12.0000,12.0100,12.0200,12.0300,12.0400,425,1354,126,70,890,10,1689,1435,1652,1983
SZ,000001,2019-06-06 09:57:30,11.9900,2,32368.0000,27,S,11.9900,11.9800,11.9700,11.9600,11.9500,12.0000,12.0100,12.0200,12.0300,12.0400,388,1354,126,70,890,40,1684,1435,1652,1983
SZ,000001,2019-06-06 09:57:36,11.9900,2,226616.0000,189,S,11.9900,11.9800,11.9700,11.9600,11.9500,12.0000,12.0100,12.0200,12.0300,12.0400,208,1504,156,70,890,137,1689,1435,1652,1983
SZ,000001,2019-06-06 09:57:39,12.0000,15,234000.0000,195,B,12.0000,11.9900,11.9800,11.9700,11.9600,12.0100,12.0200,12.0300,12.0400,12.0500,159,287,1504,156,89,1689,1415,1652,2013,1762
SZ,000001,2019-06-06 09:57:42,11.9900,11,233976.0000,195,S,11.9900,11.9800,11.9700,11.9600,11.9500,12.0000,12.0100,12.0200,12.0300,12.0400,256,1504,156,89,892,113,1693,1415,1652,2013
SZ,000001,2019-06-06 09:57:45,11.9900,7,321712.0000,268,S,11.9900,11.9800,11.9700,11.9600,11.9500,12.0100,12.0200,12.0300,12.0400,12.0500,246,1505,163,86,892,1568,1415,1652,2013,1772
SZ,000001,2019-06-06 09:57:48,11.9900,1,2400.0000,2,S,11.9900,11.9800,11.9700,11.9600,11.9500,12.0000,12.0100,12.0200,12.0300,12.0400,244,1505,163,86,892,20,1597,1415,1652,2013
SZ,000001,2019-06-06 09:57:54,11.9900,2,3600.0000,3,S,11.9900,11.9800,11.9700,11.9600,11.9500,12.0000,12.0100,12.0200,12.0300,12.0400,247,1505,163,86,892,40,1620,1399,1652,2023
SZ,000001,2019-06-06 09:57:57,11.9900,1,1200.0000,1,S,11.9900,11.9800,11.9700,11.9600,11.9500,12.0000,12.0100,12.0200,12.0300,12.0400,249,1505,163,86,904,80,1620,1419,1670,2023
SZ,000001,2019-06-06 09:58:00,11.9900,17,239800.0000,200,S,11.9900,11.9800,11.9700,11.9600,11.9500,12.0000,12.0100,12.0200,12.0300,12.0400,105,1505,163,86,904,89,1623,1419,1670,2023
SZ,000001,2019-06-06 09:58:03,12.0000,1,7200.0000,6,B,11.9900,11.9800,11.9700,11.9600,11.9500,12.0000,12.0100,12.0200,12.0300,12.0400,105,1505,163,86,904,95,1643,1419,1670,1923
SZ,000001,2019-06-06 09:58:06,11.9900,4,20384.0000,17,S,11.9900,11.9800,11.9700,11.9600,11.9500,12.0000,12.0100,12.0200,12.0300,12.0400,133,1505,164,86,904,248,1642,1416,1690,1923
SZ,000001,2019-06-06 09:58:09,11.9900,2,14400.0000,12,S,11.9900,11.9800,11.9700,11.9600,11.9500,12.0000,12.0100,12.0200,12.0300,12.0400,132,1505,164,86,904,254,1642,1416,1990,1923
SZ,000001,2019-06-06 09:58:12,11.9900,25,135512.0000,113,S,11.9900,11.9800,11.9700,11.9600,11.9500,12.0000,12.0100,12.0200,12.0300,12.0400,43,1505,164,86,904,329,1642,1416,1990,1923
SZ,000001,2019-06-06 09:58:15,11.9900,1,8392.0000,7,S,11.9900,11.9800,11.9700,11.9600,11.9500,12.0000,12.0100,12.0200,12.0300,12.0400,36,1505,164,86,904,329,1658,1416,1990,1936
SZ,000001,2019-06-06 09:58:18,11.9900,2,4792.0000,4,S,11.9900,11.9800,11.9700,11.9600,11.9500,12.0000,12.0100,12.0200,12.0300,12.0400,34,1505,164,86,904,349,1658,1416,1998,1936
SZ,000001,2019-06-06 09:58:21,11.9800,5,71920.0000,60,S,11.9800,11.9700,11.9600,11.9500,11.9400,11.9900,12.0000,12.0100,12.0200,12.0300,1480,164,86,907,1345,478,393,1658,1416,1994
SZ,000001,2019-06-06 09:58:24,11.9900,4,176248.0000,147,B,11.9800,11.9700,11.9600,11.9500,11.9400,11.9900,12.0000,12.0100,12.0200,12.0300,1487,195,86,907,1345,352,476,1655,1400,1994
SZ,000001,2019-06-06 09:58:27,11.9900,7,390864.0000,326,B,11.9800,11.9700,11.9600,11.9500,11.9400,11.9900,12.0000,12.0100,12.0200,12.0300,1482,195,136,907,1345,35,504,1655,1404,1994
SZ,000001,2019-06-06 09:58:30,11.9800,4,62304.0000,52,S,11.9800,11.9700,11.9600,11.9500,11.9400,11.9900,12.0000,12.0100,12.0200,12.0300,1427,195,136,911,1345,35,504,1636,1404,1994
SZ,000001,2019-06-06 09:58:33,11.9900,2,7192.0000,6,B,11.9800,11.9700,11.9600,11.9500,11.9400,11.9900,12.0000,12.0100,12.0200,12.0300,1427,195,136,911,1345,81,524,1580,1404,1994
SZ,000001,2019-06-06 09:58:39,11.9900,8,81512.0000,68,B,11.9800,11.9700,11.9600,11.9500,11.9400,11.9900,12.0000,12.0100,12.0200,12.0300,1409,195,136,911,1345,39,575,1580,1398,1994
SZ,000001,2019-06-06 09:58:42,11.9800,1,10784.0000,9,S,11.9800,11.9700,11.9600,11.9500,11.9400,11.9900,12.0000,12.0100,12.0200,12.0300,1412,195,136,911,1345,47,537,1560,1398,1994
SZ,000001,2019-06-06 09:58:48,11.9900,2,37136.0000,31,B,11.9800,11.9700,11.9600,11.9500,11.9400,11.9900,12.0000,12.0100,12.0200,12.0300,1385,195,136,911,1345,65,537,1556,1398,1994
SZ,000001,2019-06-06 09:58:51,11.9900,2,9592.0000,8,B,11.9800,11.9700,11.9600,11.9500,11.9400,11.9900,12.0000,12.0100,12.0200,12.0300,1528,195,136,911,1345,473,546,1559,1398,1994
SZ,000001,2019-06-06 09:58:54,11.9800,4,39544.0000,33,S,11.9800,11.9700,11.9600,11.9500,11.9400,11.9900,12.0000,12.0100,12.0200,12.0300,1505,165,136,911,1345,467,571,1559,1398,1994
SZ,000001,2019-06-06 09:58:57,11.9900,11,57552.0000,48,B,11.9800,11.9700,11.9600,11.9500,11.9400,11.9900,12.0000,12.0100,12.0200,12.0300,1505,165,136,911,1345,430,564,1559,1398,1994
SZ,000001,2019-06-06 09:59:00,11.9900,2,6000.0000,5,B,11.9800,11.9700,11.9600,11.9500,11.9400,11.9900,12.0000,12.0100,12.0200,12.0300,1505,165,136,911,1367,1262,565,1559,1398,1994
SZ,000001,2019-06-06 09:59:06,11.9800,7,376184.0000,314,S,11.9800,11.9700,11.9600,11.9500,11.9400,11.9900,12.0000,12.0100,12.0200,12.0300,1234,165,136,911,1367,1280,692,1560,1377,1994
SZ,000001,2019-06-06 09:59:09,11.9900,6,190640.0000,159,B,11.9800,11.9700,11.9600,11.9500,11.9400,11.9900,12.0000,12.0100,12.0200,12.0300,1236,165,156,911,1367,1137,606,1568,1377,1994
SZ,000001,2019-06-06 09:59:12,11.9800,3,58712.0000,49,S,11.9800,11.9700,11.9600,11.9500,11.9400,11.9900,12.0000,12.0100,12.0200,12.0300,1187,165,156,911,1367,1174,603,1569,1377,1994
SZ,000001,2019-06-06 09:59:15,11.9800,1,3592.0000,3,S,11.9800,11.9700,11.9600,11.9500,11.9400,11.9900,12.0000,12.0100,12.0200,12.0300,1186,186,156,911,1367,1166,608,1569,1377,1994
