市场代码,证券代码,时间,最新价,成交笔数,成交额,成交量,方向,买一价,买二价,买三价,买四价,买五价,卖一价,卖二价,卖三价,卖四价,卖五价,买一量,买二量,买三量,买四量,买五量,卖一量,卖二量,卖三量,卖四量,卖五量
SZ,000001,2019-06-03 09:25:03,12.2200,161,8398806.0000,6873,B,12.2100,12.2000,12.1900,12.1800,12.1700,12.2200,12.2300,12.2400,12.2500,12.2600,381,1508,1810,709,40,82,134,220,49,459
SZ,000001,2019-06-03 09:30:03,12.2300,138,4045181.0000,3306,B,12.2300,12.2200,12.2100,12.2000,12.1900,12.2400,12.2600,12.2700,12.2800,12.2900,26,1662,826,1535,1804,237,163,165,843,834
SZ,000001,2019-06-03 09:30:06,12.2400,48,1055053.0000,862,B,12.2400,12.2300,12.2200,12.2100,12.2000,12.2500,12.2600,12.2700,12.2800,12.2900,283,194,3350,877,1391,57,113,196,863,878
SZ,000001,2019-06-03 09:30:09,12.2400,12,204515.0000,167,S,12.2500,12.2400,12.2300,12.2200,12.2100,12.2600,12.2700,12.2800,12.2900,12.3000,24,259,221,4113,909,113,196,863,906,1722
SZ,000001,2019-06-03 09:30:12,12.2600,11,116377.0000,95,B,12.2500,12.2400,12.2300,12.2200,12.2100,12.2600,12.2700,12.2800,12.2900,12.3000,670,239,232,4195,913,173,206,863,908,1722
SZ,000001,2019-06-03 09:30:15,12.2600,16,253084.0000,207,B,12.2600,12.2500,12.2400,12.2300,12.2200,12.2700,12.2800,12.2900,12.3000,12.3100,2,714,127,110,4211,206,866,958,1722,156
SZ,000001,2019-06-03 09:30:18,12.2600,14,44136.0000,36,S,12.2600,12.2500,12.2400,12.2300,12.2200,12.2700,12.2800,12.2900,12.3000,12.3100,54,718,107,110,4211,233,866,968,1722,156
SZ,000001,2019-06-03 09:30:21,12.2600,16,297976.0000,243,S,12.2600,12.2500,12.2400,12.2300,12.2200,12.2700,12.2800,12.2900,12.3000,12.3100,10,635,151,110,4207,213,866,968,1727,156
SZ,000001,2019-06-03 09:30:24,12.2700,14,196220.0000,160,B,12.2600,12.2500,12.2400,12.2300,12.2200,12.2700,12.2800,12.2900,12.3000,12.3100,11,618,107,110,4184,205,881,953,1727,156
SZ,000001,2019-06-03 09:30:27,12.2600,19,598345.0000,488,S,12.2500,12.2400,12.2300,12.2200,12.2100,12.2600,12.2700,12.2800,12.2900,12.3000,597,107,108,4184,862,125,306,881,953,1727
SZ,000001,2019-06-03 09:30:30,12.2500,10,759513.0000,620,S,12.2500,12.2400,12.2300,12.2200,12.2100,12.2600,12.2700,12.2800,12.2900,12.3000,63,107,108,4141,858,403,570,956,976,1832
SZ,000001,2019-06-03 09:30:33,12.2500,20,690322.0000,563,S,12.2300,12.2200,12.2100,12.2000,12.1900,12.2500,12.2600,12.2700,12.2800,12.2900,240,4135,857,1262,1785,41,147,453,956,986
SZ,000001,2019-06-03 09:30:36,12.2500,12,139592.0000,114,B,12.2500,12.2400,12.2300,12.2200,12.2100,12.2600,12.2700,12.2800,12.2900,12.3000,25,144,336,3743,847,113,423,956,986,1850
SZ,000001,2019-06-03 09:30:39,12.2600,13,225454.0000,184,B,12.2400,12.2300,12.2200,12.2100,12.2000,12.2600,12.2700,12.2800,12.2900,12.3000,155,298,3708,847,1255,89,430,956,986,1850
SZ,000001,2019-06-03 09:30:42,12.2600,10,147120.0000,120,B,12.2500,12.2400,12.2300,12.2200,12.2100,12.2600,12.2700,12.2800,12.2900,12.3000,169,145,174,3708,847,88,630,976,1001,1840
SZ,000001,2019-06-03 09:30:45,12.2600,11,188804.0000,154,B,12.2600,12.2500,12.2400,12.2300,12.2200,12.2700,12.2800,12.2900,12.3000,12.3100,30,139,17,174,3708,640,976,1033,1840,156
SZ,000001,2019-06-03 09:30:48,12.2600,8,58848.0000,48,S,12.2500,12.2400,12.2300,12.2200,12.2100,12.2600,12.2700,12.2800,12.2900,12.3000,8,17,174,3718,847,219,672,976,1033,1845
SZ,000001,2019-06-03 09:30:51,12.2500,21,378920.0000,309,S,12.2500,12.2400,12.2300,12.2200,12.2100,12.2600,12.2700,12.2800,12.2900,12.3000,41,17,174,3718,847,30,584,981,1033,1855
SZ,000001,2019-06-03 09:30:54,12.2500,5,90720.0000,74,S,12.2500,12.2400,12.2300,12.2200,12.2100,12.2600,12.2700,12.2800,12.2900,12.3000,387,17,176,3720,847,167,630,1086,1033,1885
SZ,000001,2019-06-03 09:30:57,12.2600,17,535958.0000,437,B,12.2600,12.2500,12.2400,12.2300,12.2200,12.2700,12.2800,12.2900,12.3000,12.3100,3,397,11,196,3720,489,1094,1133,1885,156
SZ,000001,2019-06-03 09:31:00,12.2500,67,4418330.0000,3599,S,12.2700,12.2500,12.2400,12.2300,12.2200,12.2800,12.2900,12.3000,12.3100,12.3200,17,571,11,196,3720,193,1133,1885,156,475
SZ,000001,2019-06-03 09:31:03,12.2500,27,1044492.0000,851,S,12.2500,12.2400,12.2300,12.2200,12.2100,12.2800,12.2900,12.3000,12.3100,12.3200,368,11,200,3720,827,36,864,1885,183,475
SZ,000001,2019-06-03 09:31:06,12.2600,7,425426.0000,347,B,12.2600,12.2500,12.2400,12.2300,12.2200,12.2700,12.2800,12.2900,12.3000,12.3100,65,599,11,205,3720,55,135,852,1885,183
SZ,000001,2019-06-03 09:31:09,12.2600,20,372892.0000,304,S,12.2600,12.2500,12.2400,12.2300,12.2200,12.2700,12.2800,12.2900,12.3000,12.3100,259,750,11,205,3720,154,170,876,2085,183
SZ,000001,2019-06-03 09:31:12,12.2700,76,2442576.0000,1989,B,12.2700,12.2500,12.2400,12.2300,12.2200,12.3000,12.3100,12.3200,12.3300,12.3400,130,792,11,205,3725,1905,183,375,421,274
SZ,000001,2019-06-03 09:31:15,12.2700,16,774328.0000,631,S,12.2700,12.2600,12.2500,12.2400,12.2300,12.2800,12.2900,12.3000,12.3100,12.3200,84,188,803,16,205,94,25,1942,183,433
SZ,000001,2019-06-03 09:31:18,12.2800,46,1439500.0000,1172,B,12.2700,12.2600,12.2500,12.2400,12.2300,12.2800,12.3000,12.3100,12.3200,12.3300,10,67,803,16,205,33,1602,183,422,530
SZ,000001,2019-06-03 09:31:21,12.2700,14,566816.0000,462,S,12.2700,12.2600,12.2500,12.2400,12.2300,12.2800,12.2900,12.3000,12.3100,12.3200,38,288,793,16,225,244,100,1624,183,422
SZ,000001,2019-06-03 09:31:24,12.2600,29,751508.0000,612,S,12.2600,12.2500,12.2400,12.2300,12.2200,12.2700,12.2800,12.2900,12.3000,12.3100,64,798,16,225,3699,28,1,30,1722,183
SZ,000001,2019-06-03 09:31:27,12.2900,10,299630.0000,244,B,12.2800,12.2700,12.2600,12.2500,12.2400,12.2900,12.3000,12.3100,12.3200,12.3300,1541,307,202,808,16,137,1722,183,446,533
SZ,000001,2019-06-03 09:31:30,12.2800,8,742942.0000,605,S,12.2800,12.2700,12.2600,12.2500,12.2400,12.2900,12.3000,12.3100,12.3200,12.3300,1251,281,127,1804,16,561,1778,183,446,533
SZ,000001,2019-06-03 09:31:33,12.2900,12,345240.0000,281,B,12.2800,12.2700,12.2600,12.2500,12.2400,12.2900,12.3000,12.3100,12.3200,12.3300,1157,285,127,1904,26,533,1798,183,446,533
SZ,000001,2019-06-03 09:31:36,12.2800,30,1734460.0000,1411,S,12.2800,12.2700,12.2600,12.2500,12.2400,12.2900,12.3000,12.3100,12.3200,12.3300,893,378,60,1909,26,149,1188,183,506,557
SZ,000001,2019-06-03 09:31:39,12.3000,29,1109840.0000,903,B,12.2800,12.2700,12.2600,12.2500,12.2400,12.3000,12.3100,12.3200,12.3300,12.3400,867,378,60,1909,27,1110,283,506,557,289
SZ,000001,2019-06-03 09:31:42,12.2800,11,469640.0000,382,S,12.2800,12.2700,12.2600,12.2500,12.2400,12.2900,12.3000,12.3100,12.3200,12.3300,819,363,60,1809,47,5,1021,283,506,567
SZ,000001,2019-06-03 09:31:45,12.2800,48,1698024.0000,1382,B,12.2700,12.2600,12.2500,12.2400,12.2300,12.2800,12.2900,12.3000,12.3100,12.3200,363,60,1798,47,335,212,213,561,283,606
SZ,000001,2019-06-03 09:31:48,12.2800,28,1033444.0000,841,B,12.2700,12.2600,12.2500,12.2400,12.2300,12.2800,12.2900,12.3000,12.3100,12.3200,364,3,1798,47,435,18,215,386,333,606
SZ,000001,2019-06-03 09:31:51,12.2800,33,1089944.0000,887,B,12.2700,12.2600,12.2500,12.2400,12.2300,12.2800,12.2900,12.3000,12.3100,12.3200,135,3,1798,47,435,154,204,116,333,656
SZ,000001,2019-06-03 09:31:54,12.2800,22,305744.0000,249,B,12.2700,12.2600,12.2500,12.2400,12.2300,12.2800,12.2900,12.3000,12.3100,12.3200,153,13,1833,47,455,527,445,198,333,656
SZ,000001,2019-06-03 09:31:57,12.2700,16,195188.0000,159,S,12.2700,12.2600,12.2500,12.2400,12.2300,12.2800,12.2900,12.3000,12.3100,12.3200,93,13,1843,47,455,516,445,186,345,656
SZ,000001,2019-06-03 09:32:00,12.2800,51,928240.0000,756,B,12.2600,12.2500,12.2400,12.2300,12.2200,12.2700,12.2800,12.2900,12.3000,12.3100,23,1846,47,455,2957,5,221,435,196,345
SZ,000001,2019-06-03 09:32:03,12.2700,13,104300.0000,85,B,12.2700,12.2600,12.2500,12.2400,12.2300,12.2800,12.2900,12.3000,12.3100,12.3200,85,38,1846,47,455,286,435,233,369,657
SZ,000001,2019-06-03 09:32:06,12.2700,17,157168.0000,128,S,12.2600,12.2500,12.2400,12.2300,12.2200,12.2700,12.2800,12.2900,12.3000,12.3100,339,1896,47,454,2957,17,298,445,263,389
SZ,000001,2019-06-03 09:32:09,12.2600,30,364528.0000,297,S,12.2600,12.2500,12.2400,12.2300,12.2200,12.2800,12.2900,12.3000,12.3100,12.3200,275,1896,47,464,3157,516,444,313,389,657
SZ,000001,2019-06-03 09:32:12,12.2700,26,653592.0000,533,B,12.2500,12.2400,12.2300,12.2200,12.2100,12.2700,12.2800,12.2900,12.3000,12.3100,2020,47,464,3157,532,581,412,519,377,389
SZ,000001,2019-06-03 09:32:15,12.2600,15,221944.0000,181,S,12.2500,12.2400,12.2300,12.2200,12.2100,12.2600,12.2700,12.2800,12.2900,12.3000,1880,47,464,3148,552,19,729,412,535,585
SZ,000001,2019-06-03 09:32:18,12.2700,7,129988.0000,106,B,12.2500,12.2400,12.2300,12.2200,12.2100,12.2700,12.2800,12.2900,12.3000,12.3100,1884,47,528,3147,532,879,449,537,590,402
SZ,000001,2019-06-03 09:32:21,12.2500,29,2349580.0000,1918,S,12.2400,12.2300,12.2200,12.2100,12.2000,12.2500,12.2600,12.2700,12.2800,12.2900,47,527,3147,532,1286,308,95,881,564,537
SZ,000001,2019-06-03 09:32:24,12.2500,9,561052.0000,458,B,12.2400,12.2300,12.2200,12.2100,12.2000,12.2500,12.2600,12.2700,12.2800,12.2900,45,557,3135,532,1286,143,125,875,564,537
SZ,000001,2019-06-03 09:32:27,12.2500,16,428396.0000,350,B,12.2300,12.2200,12.2100,12.2000,12.1900,12.2500,12.2600,12.2700,12.2800,12.2900,402,3122,532,1286,1700,34,127,873,584,562
SZ,000001,2019-06-03 09:32:30,12.2500,11,241312.0000,197,B,12.2300,12.2200,12.2100,12.2000,12.1900,12.2500,12.2600,12.2700,12.2800,12.2900,435,3122,560,1346,1700,38,137,1325,584,562
SZ,000001,2019-06-03 09:32:33,12.2300,8,52592.0000,43,S,12.2300,12.2200,12.2100,12.2000,12.1900,12.2400,12.2500,12.2600,12.2700,12.2800,522,3163,560,1346,1700,18,566,737,1325,604
SZ,000001,2019-06-03 09:32:36,12.2400,12,227692.0000,186,B,12.2300,12.2200,12.2100,12.2000,12.1900,12.2400,12.2500,12.2600,12.2700,12.2800,253,3163,557,1376,1694,483,660,741,1325,626
SZ,000001,2019-06-03 09:32:39,12.2300,6,168772.0000,138,S,12.2300,12.2200,12.2100,12.2000,12.1900,12.2400,12.2500,12.2600,12.2700,12.2800,514,3163,557,1376,1694,512,668,827,1325,626
SZ,000001,2019-06-03 09:32:42,12.2300,8,59936.0000,49,S,12.2300,12.2200,12.2100,12.2000,12.1900,12.2400,12.2500,12.2600,12.2700,12.2800,474,3163,557,1402,1694,615,670,837,1325,376
SZ,000001,2019-06-03 09:32:45,12.2400,17,723308.0000,591,B,12.2300,12.2200,12.2100,12.2000,12.1900,12.2400,12.2500,12.2600,12.2700,12.2800,404,3163,557,1402,1704,100,670,857,1312,376
SZ,000001,2019-06-03 09:32:48,12.2300,10,332732.0000,272,S,12.2300,12.2200,12.2100,12.2000,12.1900,12.2400,12.2500,12.2600,12.2700,12.2800,319,3148,557,1407,1704,75,670,1309,1343,376
SZ,000001,2019-06-03 09:32:51,12.2300,14,513512.0000,420,S,12.2200,12.2100,12.2000,12.1900,12.1800,12.2300,12.2400,12.2500,12.2600,12.2700,3148,527,1407,1704,913,247,141,672,1309,1353
SZ,000001,2019-06-03 09:32:54,12.2300,2,8560.0000,7,B,12.2200,12.2100,12.2000,12.1900,12.1800,12.2300,12.2400,12.2500,12.2600,12.2700,3159,527,1407,1704,920,502,110,672,1309,1253
SZ,000001,2019-06-03 09:32:57,12.2300,8,188344.0000,154,B,12.2200,12.2100,12.2000,12.1900,12.1800,12.2300,12.2400,12.2500,12.2600,12.2700,3332,527,1447,1707,930,349,108,772,1305,1153
SZ,000001,2019-06-03 09:33:00,12.2300,19,469788.0000,384,B,12.2300,12.2200,12.2100,12.2000,12.1900,12.2400,12.2500,12.2600,12.2700,12.2800,202,3250,547,1447,1707,108,776,1305,1152,427
SZ,000001,2019-06-03 09:33:03,12.2300,33,544396.0000,445,S,12.2300,12.2200,12.2100,12.2000,12.1900,12.2400,12.2500,12.2600,12.2700,12.2800,713,3179,547,1447,1707,16,824,1325,1152,427
SZ,000001,2019-06-03 09:33:06,12.2400,12,238640.0000,195,B,12.2300,12.2200,12.2100,12.2000,12.1900,12.2400,12.2500,12.2600,12.2700,12.2800,707,3179,547,1447,1707,491,837,1325,1142,563
SZ,000001,2019-06-03 09:33:09,12.2400,9,237424.0000,194,B,12.2300,12.2200,12.2100,12.2000,12.1900,12.2400,12.2500,12.2600,12.2700,12.2800,714,3179,547,1447,1707,373,837,1350,1142,563
SZ,000001,2019-06-03 09:33:12,12.2300,26,905244.0000,739,S,12.2300,12.2200,12.2100,12.2000,12.1900,12.2500,12.2600,12.2700,12.2800,12.2900,622,3195,538,1447,1707,703,1350,1127,575,639
SZ,000001,2019-06-03 09:33:15,12.2500,61,4019540.0000,3288,B,12.2200,12.2100,12.2000,12.1900,12.1800,12.2400,12.2500,12.2600,12.2700,12.2800,855,538,1447,1707,1003,10,451,1350,1127,575
SZ,000001,2019-06-03 09:33:18,12.2200,41,1422864.0000,1165,S,12.2100,12.2000,12.1900,12.1800,12.1700,12.2200,12.2300,12.2400,12.2500,12.2600,538,1447,1707,1003,414,1423,10,40,445,1350
SZ,000001,2019-06-03 09:33:21,12.2200,12,816260.0000,668,B,12.2100,12.2000,12.1900,12.1800,12.1700,12.2200,12.2300,12.2400,12.2500,12.2600,507,1447,1657,1003,414,862,10,34,582,1350
SZ,000001,2019-06-03 09:33:24,12.2200,27,1271080.0000,1040,B,12.2200,12.2100,12.2000,12.1900,12.1800,12.2500,12.2600,12.2700,12.2800,12.2900,1205,721,1447,1657,1013,552,1350,1127,565,601
SZ,000001,2019-06-03 09:33:27,12.2200,4,72172.0000,59,S,12.2200,12.2100,12.2000,12.1900,12.1800,12.2500,12.2600,12.2700,12.2800,12.2900,1183,550,1447,1657,1014,564,1350,1096,569,601
SZ,000001,2019-06-03 09:33:30,12.2500,2,25704.0000,21,B,12.2300,12.2200,12.2100,12.2000,12.1900,12.2400,12.2500,12.2600,12.2700,12.2800,120,1098,474,1437,1661,10,563,1350,1096,564
SZ,000001,2019-06-03 09:33:33,12.2500,9,100368.0000,82,B,12.2400,12.2300,12.2200,12.2100,12.2000,12.2500,12.2600,12.2700,12.2800,12.2900,24,127,1098,460,1437,571,1350,1413,574,599
SZ,000001,2019-06-03 09:33:36,12.2200,16,346216.0000,283,S,12.2200,12.2100,12.2000,12.1900,12.1800,12.2400,12.2500,12.2600,12.2700,12.2800,955,460,1487,1661,1014,46,577,1470,1413,874
SZ,000001,2019-06-03 09:33:39,12.2300,106,3712360.0000,3040,B,12.2000,12.1900,12.1800,12.1700,12.1600,12.2300,12.2400,12.2500,12.2600,12.2700,10,1661,1014,418,403,4,51,639,1485,1413
SZ,000001,2019-06-03 09:33:42,12.2200,14,173384.0000,142,S,12.2100,12.2000,12.1900,12.1800,12.1700,12.2200,12.2300,12.2400,12.2500,12.2600,3,111,1661,1014,418,34,40,209,684,1485
SZ,000001,2019-06-03 09:33:45,12.2000,10,111080.0000,91,S,12.2000,12.1900,12.1800,12.1700,12.1600,12.2100,12.2200,12.2300,12.2400,12.2500,81,1661,1014,418,403,24,70,100,357,717
SZ,000001,2019-06-03 09:33:48,12.2100,7,92784.0000,76,B,12.2000,12.1900,12.1800,12.1700,12.1600,12.2100,12.2300,12.2400,12.2500,12.2600,131,1661,994,423,403,20,102,607,717,1501
SZ,000001,2019-06-03 09:33:51,12.2000,5,51288.0000,42,S,12.2100,12.2000,12.1900,12.1800,12.1700,12.2300,12.2400,12.2500,12.2600,12.2700,8,125,1661,994,423,92,609,770,1501,1372
SZ,000001,2019-06-03 09:33:54,12.2100,5,63496.0000,52,S,12.2100,12.2000,12.1900,12.1800,12.1700,12.2200,12.2300,12.2400,12.2500,12.2600,87,71,1661,1004,423,25,98,618,785,1501
SZ,000001,2019-06-03 09:33:57,12.2000,13,148952.0000,122,S,12.2000,12.1900,12.1800,12.1700,12.1600,12.2200,12.2300,12.2400,12.2500,12.2600,79,1661,1004,423,430,26,128,590,792,1501
SZ,000001,2019-06-03 09:34:00,12.2100,4,52640.0000,44,B,12.2000,12.1900,12.1800,12.1700,12.1600,12.2100,12.2200,12.2300,12.2400,12.2500,357,1661,1004,447,430,55,33,148,589,757
SZ,000001,2019-06-03 09:34:03,12.2000,10,65880.0000,54,S,12.2000,12.1900,12.1800,12.1700,12.1600,12.2100,12.2200,12.2300,12.2400,12.2500,634,1661,1004,447,433,78,33,148,579,747
SZ,000001,2019-06-03 09:34:06,12.2100,2,6104.0000,5,B,12.2000,12.1900,12.1800,12.1700,12.1600,12.2100,12.2200,12.2300,12.2400,12.2500,891,1661,1004,447,433,79,33,120,496,766
SZ,000001,2019-06-03 09:34:09,12.2100,8,69560.0000,57,B,12.2000,12.1900,12.1800,12.1700,12.1600,12.2100,12.2200,12.2300,12.2400,12.2500,862,1655,1014,457,433,60,38,120,496,782
SZ,000001,2019-06-03 09:34:12,12.2000,13,157504.0000,129,S,12.2000,12.1900,12.1800,12.1700,12.1600,12.2100,12.2200,12.2300,12.2400,12.2500,899,1671,1014,885,433,53,38,132,496,843
SZ,000001,2019-06-03 09:34:15,12.2100,8,51272.0000,42,B,12.2000,12.1900,12.1800,12.1700,12.1600,12.2100,12.2200,12.2300,12.2400,12.2500,891,1671,1018,885,473,59,72,132,488,833
SZ,000001,2019-06-03 09:34:18,12.2100,12,101328.0000,83,B,12.2000,12.1900,12.1800,12.1700,12.1600,12.2100,12.2200,12.2300,12.2400,12.2500,881,1671,1018,885,592,36,123,132,488,854
SZ,000001,2019-06-03 09:34:21,12.2100,11,140304.0000,115,B,12.2000,12.1900,12.1800,12.1700,12.1600,12.2100,12.2200,12.2300,12.2400,12.2500,781,1671,1018,885,592,10,123,132,498,840
SZ,000001,2019-06-03 09:34:24,12.2100,10,433104.0000,355,B,12.2000,12.1900,12.1800,12.1700,12.1600,12.2100,12.2200,12.2300,12.2400,12.2500,481,1671,1018,885,596,133,129,132,502,840
SZ,000001,2019-06-03 09:34:27,12.2000,4,78088.0000,64,S,12.2000,12.1900,12.1800,12.1700,12.1600,12.2100,12.2200,12.2300,12.2400,12.2500,423,1671,1018,885,596,168,182,102,502,810
SZ,000001,2019-06-03 09:34:30,12.2000,31,520960.0000,427,S,12.1900,12.1800,12.1700,12.1600,12.1500,12.2000,12.2100,12.2200,12.2300,12.2400,1671,1018,915,596,208,1329,147,182,102,502
SZ,000001,2019-06-03 09:34:33,12.2000,19,158548.0000,130,B,12.1900,12.1800,12.1700,12.1600,12.1500,12.2000,12.2100,12.2200,12.2300,12.2400,1658,1015,915,592,208,1498,231,182,102,502
SZ,000001,2019-06-03 09:34:36,12.2000,3,20740.0000,17,B,12.1900,12.1800,12.1700,12.1600,12.1500,12.2000,12.2100,12.2200,12.2300,12.2400,1776,1015,915,592,209,1537,231,182,121,497
SZ,000001,2019-06-03 09:34:39,12.2000,7,54860.0000,45,B,12.1900,12.1800,12.1700,12.1600,12.1500,12.2000,12.2100,12.2200,12.2300,12.2400,1903,1039,915,601,209,1624,231,182,121,497
SZ,000001,2019-06-03 09:34:42,12.1900,6,101224.0000,83,S,12.1900,12.1800,12.1700,12.1600,12.1500,12.2000,12.2100,12.2200,12.2300,12.2400,1882,1039,915,601,194,1613,126,181,121,495
SZ,000001,2019-06-03 09:34:45,12.1900,58,2349044.0000,1927,S,12.1800,12.1700,12.1600,12.1500,12.1400,12.1900,12.2000,12.2100,12.2200,12.2300,1038,915,601,197,117,277,1677,86,181,121
SZ,000001,2019-06-03 09:34:48,12.1800,25,1094264.0000,898,S,12.1800,12.1700,12.1600,12.1500,12.1400,12.1900,12.2000,12.2100,12.2200,12.2300,571,915,601,217,117,217,1535,86,152,121
SZ,000001,2019-06-03 09:34:51,12.1800,12,352248.0000,289,S,12.1800,12.1700,12.1600,12.1500,12.1400,12.1900,12.2000,12.2100,12.2200,12.2300,642,900,601,231,117,155,1588,74,152,221
SZ,000001,2019-06-03 09:34:54,12.1900,10,58640.0000,48,B,12.1800,12.1700,12.1600,12.1500,12.1400,12.1900,12.2000,12.2100,12.2200,12.2300,614,900,603,231,117,173,1548,74,146,221
SZ,000001,2019-06-03 09:34:57,12.1800,5,20704.0000,17,S,12.1800,12.1700,12.1600,12.1500,12.1400,12.1900,12.2000,12.2100,12.2200,12.2300,604,900,603,219,117,216,1577,21,146,221
SZ,000001,2019-06-03 09:35:00,12.1800,10,118192.0000,97,S,12.1800,12.1700,12.1600,12.1500,12.1400,12.1900,12.2000,12.2100,12.2200,12.2300,571,472,603,219,117,172,1577,21,146,221
SZ,000001,2019-06-03 09:35:03,12.1900,15,316744.0000,260,B,12.1800,12.1700,12.1600,12.1500,12.1400,12.1900,12.2000,12.2100,12.2200,12.2300,378,482,603,221,117,122,1583,33,146,221
SZ,000001,2019-06-03 09:35:06,12.1900,3,73096.0000,60,B,12.1800,12.1700,12.1600,12.1500,12.1400,12.1900,12.2000,12.2100,12.2200,12.2300,362,486,603,221,117,172,1557,33,146,220
SZ,000001,2019-06-03 09:35:09,12.1900,3,56080.0000,46,B,12.1800,12.1700,12.1600,12.1500,12.1400,12.1900,12.2000,12.2100,12.2200,12.2300,371,486,603,221,117,128,2384,32,146,220
SZ,000001,2019-06-03 09:35:12,12.1800,43,504112.0000,414,S,12.1700,12.1600,12.1500,12.1400,12.1300,12.1800,12.1900,12.2000,12.2100,12.2200,484,603,221,117,214,1692,109,2353,28,146
SZ,000001,2019-06-03 09:35:15,12.1800,7,644328.0000,529,B,12.1700,12.1600,12.1500,12.1400,12.1300,12.1800,12.1900,12.2000,12.2100,12.2200,603,603,244,117,214,1360,173,2150,28,105
SZ,000001,2019-06-03 09:35:18,12.1800,23,614720.0000,505,B,12.1700,12.1600,12.1500,12.1400,12.1300,12.1800,12.1900,12.2000,12.2100,12.2200,253,603,245,117,214,1297,167,2141,28,105
SZ,000001,2019-06-03 09:35:21,12.1700,21,177704.0000,146,S,12.1700,12.1600,12.1500,12.1400,12.1300,12.1800,12.1900,12.2000,12.2100,12.2200,143,603,247,117,214,1271,112,2141,28,105
SZ,000001,2019-06-03 09:35:24,12.1800,6,125440.0000,103,B,12.1700,12.1600,12.1500,12.1400,12.1300,12.1800,12.1900,12.2000,12.2100,12.2200,130,605,247,117,214,1198,153,2141,28,105
SZ,000001,2019-06-03 09:35:27,12.1700,3,52344.0000,43,S,12.1700,12.1600,12.1500,12.1400,12.1300,12.1800,12.1900,12.2000,12.2100,12.2200,164,605,247,117,214,1139,133,2140,28,105
SZ,000001,2019-06-03 09:35:30,12.1800,6,190000.0000,156,B,12.1700,12.1600,12.1500,12.1400,12.1300,12.1800,12.1900,12.2000,12.2100,12.2200,224,635,294,117,214,1163,133,2109,16,105
SZ,000001,2019-06-03 09:35:33,12.1800,9,439664.0000,361,B,12.1700,12.1600,12.1500,12.1400,12.1300,12.1800,12.1900,12.2000,12.2100,12.2200,221,635,267,117,302,776,133,2102,16,205
SZ,000001,2019-06-03 09:35:36,12.1700,14,384776.0000,316,S,12.1700,12.1600,12.1500,12.1400,12.1300,12.1800,12.1900,12.2000,12.2100,12.2200,112,647,267,121,305,558,156,2095,116,205
SZ,000001,2019-06-03 09:35:39,12.1800,19,359104.0000,295,B,12.1700,12.1600,12.1500,12.1400,12.1300,12.1800,12.1900,12.2000,12.2100,12.2200,14,649,252,122,305,498,156,2095,100,205
SZ,000001,2019-06-03 09:35:42,12.1700,21,387296.0000,318,S,12.1700,12.1600,12.1500,12.1400,12.1300,12.1800,12.1900,12.2000,12.2100,12.2200,311,649,262,126,305,218,156,2195,100,205
SZ,000001,2019-06-03 09:35:45,12.1800,13,136384.0000,112,B,12.1700,12.1600,12.1500,12.1400,12.1300,12.1800,12.1900,12.2000,12.2100,12.2200,284,699,311,149,333,161,106,2195,100,205
SZ,000001,2019-06-03 09:35:48,12.1800,18,260760.0000,214,B,12.1800,12.1700,12.1600,12.1500,12.1400,12.1900,12.2000,12.2100,12.2200,12.2300,8,602,699,311,149,106,2195,100,205,282
SZ,000001,2019-06-03 09:35:51,12.1800,9,16440.0000,13,S,12.1800,12.1700,12.1600,12.1500,12.1400,12.1900,12.2000,12.2100,12.2200,12.2300,42,617,699,311,142,99,2195,100,205,282
SZ,000001,2019-06-03 09:35:54,12.1800,6,69896.0000,58,S,12.1700,12.1600,12.1500,12.1400,12.1300,12.1800,12.1900,12.2000,12.2100,12.2200,650,699,311,126,334,97,100,2195,100,205
SZ,000001,2019-06-03 09:35:57,12.1800,15,287000.0000,235,B,12.1800,12.1700,12.1600,12.1500,12.1400,12.1900,12.2000,12.2100,12.2200,12.2300,412,806,749,325,126,79,2195,100,180,282
SZ,000001,2019-06-03 09:36:00,12.1800,7,130360.0000,107,S,12.1800,12.1700,12.1600,12.1500,12.1400,12.1900,12.2000,12.2100,12.2200,12.2300,357,902,749,326,126,93,2301,100,180,282
SZ,000001,2019-06-03 09:36:03,12.1900,10,286240.0000,235,B,12.1800,12.1700,12.1600,12.1500,12.1400,12.1900,12.2000,12.2100,12.2200,12.2300,335,822,749,336,126,89,2303,100,180,282
SZ,000001,2019-06-03 09:36:06,12.1900,9,38992.0000,32,B,12.1800,12.1700,12.1600,12.1500,12.1400,12.1900,12.2000,12.2100,12.2200,12.2300,354,830,749,338,126,84,2303,100,180,282
SZ,000001,2019-06-03 09:36:09,12.1800,39,900880.0000,740,S,12.1700,12.1600,12.1500,12.1400,12.1300,12.1800,12.2000,12.2100,12.2200,12.2300,840,749,338,126,342,12,2200,100,180,282
SZ,000001,2019-06-03 09:36:12,12.1900,17,133544.0000,109,B,12.1800,12.1700,12.1600,12.1500,12.1400,12.1900,12.2000,12.2100,12.2200,12.2300,53,843,749,338,126,134,2200,100,280,282
SZ,000001,2019-06-03 09:36:15,12.1900,6,114584.0000,94,B,12.1800,12.1700,12.1600,12.1500,12.1400,12.1900,12.2000,12.2100,12.2200,12.2300,155,843,749,338,126,40,2200,100,280,282
SZ,000001,2019-06-03 09:36:18,12.1900,12,95048.0000,78,B,12.1900,12.1800,12.1700,12.1600,12.1500,12.2000,12.2100,12.2200,12.2300,12.2400,11,142,843,754,328,2207,100,280,282,549
SZ,000001,2019-06-03 09:36:21,12.1800,8,37776.0000,31,S,12.1800,12.1700,12.1600,12.1500,12.1400,12.1900,12.2000,12.2100,12.2200,12.2300,179,847,754,328,126,888,2218,100,280,282
SZ,000001,2019-06-03 09:36:24,12.1900,1,51200.0000,42,B,12.1800,12.1700,12.1600,12.1500,12.1400,12.1900,12.2000,12.2100,12.2200,12.2300,185,847,754,328,126,848,2218,130,280,282
SZ,000001,2019-06-03 09:36:27,12.1900,4,24384.0000,20,B,12.1800,12.1700,12.1600,12.1500,12.1400,12.1900,12.2000,12.2100,12.2200,12.2300,353,847,754,328,126,828,2218,130,280,282
SZ,000001,2019-06-03 09:36:30,12.2100,35,3604280.0000,2955,B,12.2000,12.1900,12.1800,12.1700,12.1600,12.2100,12.2200,12.2300,12.2400,12.2500,60,53,390,881,754,121,280,282,549,861
SZ,000001,2019-06-03 09:36:33,12.2200,16,354136.0000,290,B,12.2000,12.1900,12.1800,12.1700,12.1600,12.2200,12.2300,12.2400,12.2500,12.2600,421,13,565,898,785,175,282,549,861,1436
SZ,000001,2019-06-03 09:36:36,12.2200,5,218736.0000,179,B,12.2200,12.2000,12.1900,12.1800,12.1700,12.2300,12.2400,12.2500,12.2600,12.2700,19,533,48,679,898,282,549,861,1436,1407
SZ,000001,2019-06-03 09:36:39,12.2300,14,298336.0000,244,B,12.2200,12.2100,12.2000,12.1900,12.1800,12.2300,12.2400,12.2500,12.2600,12.2700,114,39,421,48,678,81,549,811,1436,1407
SZ,000001,2019-06-03 09:36:42,12.2200,4,64776.0000,53,S,12.2200,12.2100,12.2000,12.1900,12.1800,12.2300,12.2400,12.2500,12.2600,12.2700,141,44,421,91,655,69,549,1236,1396,1407
SZ,000001,2019-06-03 09:36:45,12.2200,15,859264.0000,704,S,12.2200,12.2100,12.2000,12.1900,12.1800,12.2300,12.2400,12.2500,12.2600,12.2700,42,40,79,104,649,552,549,1236,1396,1407
SZ,000001,2019-06-03 09:36:48,12.2200,12,113640.0000,93,S,12.2100,12.2000,12.1900,12.1800,12.1700,12.2200,12.2300,12.2400,12.2500,12.2600,45,79,105,665,896,163,582,549,1271,1396
SZ,000001,2019-06-03 09:36:51,12.2100,6,129384.0000,106,S,12.2000,12.1900,12.1800,12.1700,12.1600,12.2100,12.2200,12.2300,12.2400,12.2500,39,103,1492,898,876,714,191,587,599,1256
SZ,000001,2019-06-03 09:36:54,12.2100,8,68408.0000,56,B,12.2100,12.2000,12.1900,12.1800,12.1700,12.2200,12.2300,12.2400,12.2500,12.2600,26,40,181,1512,929,145,607,599,1294,1396
SZ,000001,2019-06-03 09:36:57,12.2100,3,8552.0000,7,S,12.2100,12.2000,12.1900,12.1800,12.1700,12.2200,12.2300,12.2400,12.2500,12.2600,33,219,181,1627,929,184,607,599,1278,1396
SZ,000001,2019-06-03 09:37:00,12.2100,8,52512.0000,43,S,12.2100,12.2000,12.1900,12.1800,12.1700,12.2200,12.2300,12.2400,12.2500,12.2600,28,222,181,1711,929,201,637,624,1273,1406
SZ,000001,2019-06-03 09:37:03,12.2200,6,161280.0000,132,B,12.2100,12.2000,12.1900,12.1800,12.1700,12.2200,12.2300,12.2400,12.2500,12.2600,18,222,421,1711,929,105,637,624,1273,1406
SZ,000001,2019-06-03 09:37:06,12.2100,11,133176.0000,109,S,12.2000,12.1900,12.1800,12.1700,12.1600,12.2100,12.2200,12.2300,12.2400,12.2500,222,443,1771,929,876,600,24,637,1732,1268
SZ,000001,2019-06-03 09:37:09,12.2100,5,83160.0000,68,B,12.2000,12.1900,12.1800,12.1700,12.1600,12.2100,12.2200,12.2300,12.2400,12.2500,201,443,1772,929,876,567,25,637,1747,1268
SZ,000001,2019-06-03 09:37:12,12.2100,9,25624.0000,21,B,12.2000,12.1900,12.1800,12.1700,12.1600,12.2100,12.2200,12.2300,12.2400,12.2500,253,453,1772,929,876,566,62,637,1747,1293
SZ,000001,2019-06-03 09:37:15,12.2100,11,708168.0000,580,B,12.2100,12.2000,12.1900,12.1800,12.1700,12.2200,12.2300,12.2400,12.2500,12.2600,506,276,433,1744,929,62,637,1747,1303,1407
SZ,000001,2019-06-03 09:37:18,12.2100,8,54952.0000,45,S,12.2100,12.2000,12.1900,12.1800,12.1700,12.2200,12.2300,12.2400,12.2500,12.2600,1512,307,555,1765,974,80,662,1747,1303,1412
SZ,000001,2019-06-03 09:37:21,12.2100,16,160048.0000,131,S,12.2100,12.2000,12.1900,12.1800,12.1700,12.2200,12.2300,12.2400,12.2500,12.2600,1104,317,601,1765,954,11,677,1747,1303,1412
SZ,000001,2019-06-03 09:37:24,12.2200,18,194296.0000,159,B,12.2200,12.2100,12.2000,12.1900,12.1800,12.2300,12.2400,12.2500,12.2600,12.2700,14,1104,313,601,1760,1123,1737,1275,1422,1410
SZ,000001,2019-06-03 09:37:27,12.2300,16,1006440.0000,823,B,12.2200,12.2100,12.2000,12.1900,12.1800,12.2300,12.2400,12.2500,12.2600,12.2700,20,1090,335,601,1769,363,1737,1275,1422,1410
SZ,000001,2019-06-03 09:37:30,12.2100,18,3015984.0000,2470,S,12.2000,12.1900,12.1800,12.1700,12.1600,12.2100,12.2200,12.2300,12.2400,12.2500,335,626,1759,1016,876,19,415,363,1727,1262
SZ,000001,2019-06-03 09:37:33,12.2200,10,667264.0000,546,B,12.2200,12.2100,12.2000,12.1900,12.1800,12.2300,12.2400,12.2500,12.2600,12.2700,88,95,405,626,1759,335,1727,1262,1423,1410
SZ,000001,2019-06-03 09:37:36,12.2300,8,414592.0000,339,B,12.2300,12.2200,12.2100,12.2000,12.1900,12.2400,12.2500,12.2600,12.2700,12.2800,44,245,216,405,626,1725,837,1423,1410,1083
SZ,000001,2019-06-03 09:37:39,12.2200,6,137048.0000,112,S,12.2200,12.2100,12.2000,12.1900,12.1800,12.2300,12.2400,12.2500,12.2600,12.2700,244,276,420,641,1759,159,1658,837,1423,1410
SZ,000001,2019-06-03 09:37:42,12.2300,2,9784.0000,8,B,12.2200,12.2100,12.2000,12.1900,12.1800,12.2300,12.2400,12.2500,12.2600,12.2700,245,262,420,641,1759,215,1658,854,1423,1410
SZ,000001,2019-06-03 09:37:45,12.2300,7,245624.0000,201,B,12.2200,12.2100,12.2000,12.1900,12.1800,12.2300,12.2400,12.2500,12.2600,12.2700,56,264,425,641,1759,414,1658,854,1423,1410
SZ,000001,2019-06-03 09:37:51,12.2200,9,76984.0000,63,S,12.2100,12.2000,12.1900,12.1800,12.1700,12.2200,12.2300,12.2400,12.2500,12.2600,273,425,641,1759,1026,8,577,1608,854,1423
SZ,000001,2019-06-03 09:37:54,12.2100,12,172160.0000,141,S,12.2000,12.1900,12.1800,12.1700,12.1600,12.2100,12.2200,12.2300,12.2400,12.2500,420,641,1759,1026,1306,144,14,928,1608,856
SZ,000001,2019-06-03 09:37:57,12.2300,16,553024.0000,453,B,12.2200,12.2100,12.2000,12.1900,12.1800,12.2300,12.2400,12.2500,12.2600,12.2700,93,122,211,641,1759,1035,1608,856,1423,1410
SZ,000001,2019-06-03 09:38:00,12.2200,8,230960.0000,189,S,12.2100,12.2000,12.1900,12.1800,12.1700,12.2200,12.2300,12.2400,12.2500,12.2600,135,211,641,1759,1026,776,1073,1608,856,1422
SZ,000001,2019-06-03 09:38:03,12.2100,6,39072.0000,32,S,12.2100,12.2000,12.1900,12.1800,12.1700,12.2200,12.2300,12.2400,12.2500,12.2600,36,211,641,1753,996,208,1209,1608,856,1422
SZ,000001,2019-06-03 09:38:06,12.2200,8,101424.0000,83,B,12.2100,12.2000,12.1900,12.1800,12.1700,12.2200,12.2300,12.2400,12.2500,12.2600,29,223,641,1753,996,235,1214,1608,856,1422
SZ,000001,2019-06-03 09:38:09,12.2200,13,422824.0000,346,B,12.2100,12.2000,12.1900,12.1800,12.1700,12.2200,12.2300,12.2400,12.2500,12.2600,5,262,729,1769,996,965,1239,1608,917,1422
SZ,000001,2019-06-03 09:38:12,12.2100,10,122160.0000,100,S,12.2100,12.2000,12.1900,12.1800,12.1700,12.2200,12.2300,12.2400,12.2500,12.2600,44,272,739,1690,996,922,1239,1608,917,1422
SZ,000001,2019-06-03 09:38:15,12.2100,5,61072.0000,50,S,12.2100,12.2000,12.1900,12.1800,12.1700,12.2200,12.2300,12.2400,12.2500,12.2600,16,277,739,1690,1096,907,1239,1608,920,1402
SZ,000001,2019-06-03 09:38:18,12.2300,39,2627312.0000,2149,B,12.2300,12.2200,12.2100,12.2000,12.1900,12.2400,12.2500,12.2600,12.2700,12.2800,871,31,247,277,741,1608,920,1402,1410,1049
SZ,000001,2019-06-03 09:38:21,12.2300,12,435704.0000,356,S,12.2300,12.2200,12.2100,12.2000,12.1900,12.2400,12.2500,12.2600,12.2700,12.2800,934,31,246,277,754,1295,920,1402,1410,1049
SZ,000001,2019-06-03 09:38:24,12.2300,2,216472.0000,177,S,12.2300,12.2200,12.2100,12.2000,12.1900,12.2400,12.2500,12.2600,12.2700,12.2800,789,31,248,287,754,1297,920,1402,1410,1049
SZ,000001,2019-06-03 09:38:27,12.2300,3,42840.0000,35,S,12.2300,12.2200,12.2100,12.2000,12.1900,12.2400,12.2500,12.2600,12.2700,12.2800,936,31,268,297,754,1265,903,1402,1410,1049
SZ,000001,2019-06-03 09:38:30,12.2300,3,382800.0000,313,S,12.2300,12.2200,12.2100,12.2000,12.1900,12.2400,12.2500,12.2600,12.2700,12.2800,624,132,268,298,804,1264,918,1402,1410,1049
SZ,000001,2019-06-03 09:38:33,12.2300,11,616488.0000,504,S,12.2300,12.2200,12.2100,12.2000,12.1900,12.2400,12.2500,12.2600,12.2700,12.2800,182,132,268,298,804,1149,908,1402,1410,1049
SZ,000001,2019-06-03 09:38:36,12.2400,7,20800.0000,17,B,12.2300,12.2200,12.2100,12.2000,12.1900,12.2400,12.2500,12.2600,12.2700,12.2800,205,168,289,298,804,1139,908,1402,1410,1049
SZ,000001,2019-06-03 09:38:39,12.2300,7,157896.0000,129,S,12.2300,12.2200,12.2100,12.2000,12.1900,12.2400,12.2500,12.2600,12.2700,12.2800,213,168,289,265,804,1043,908,1422,1410,1079
SZ,000001,2019-06-03 09:38:42,12.2100,19,738152.0000,604,S,12.2100,12.2000,12.1900,12.1800,12.1700,12.2400,12.2500,12.2600,12.2700,12.2800,103,265,804,1642,1064,1069,908,1422,1410,1079
SZ,000001,2019-06-03 09:38:45,12.2300,7,254584.0000,208,B,12.2200,12.2100,12.2000,12.1900,12.1800,12.2300,12.2400,12.2500,12.2600,12.2700,2,135,264,804,1642,26,869,908,1422,1410
SZ,000001,2019-06-03 09:38:48,12.2300,10,373280.0000,305,B,12.2300,12.2200,12.2100,12.2000,12.1900,12.2400,12.2500,12.2600,12.2700,12.2800,13,2,144,264,804,640,908,1432,1410,1079
SZ,000001,2019-06-03 09:38:51,12.2400,4,80776.0000,66,B,12.2300,12.2200,12.2100,12.2000,12.1900,12.2400,12.2500,12.2600,12.2700,12.2800,33,509,144,274,871,624,908,1432,1410,1079
SZ,000001,2019-06-03 09:38:54,12.2300,6,52584.0000,43,S,12.2200,12.2100,12.2000,12.1900,12.1800,12.2300,12.2400,12.2500,12.2600,12.2700,509,144,274,871,1642,163,582,908,1473,1410
SZ,000001,2019-06-03 09:38:57,12.2200,5,86824.0000,71,S,12.2200,12.2100,12.2000,12.1900,12.1800,12.2300,12.2400,12.2500,12.2600,12.2700,680,176,275,871,1642,404,580,926,1573,1410
SZ,000001,2019-06-03 09:39:00,12.2200,1,111208.0000,91,S,12.2200,12.2100,12.2000,12.1900,12.1800,12.2300,12.2400,12.2500,12.2600,12.2700,639,176,275,891,1642,477,573,926,1573,1410
SZ,000001,2019-06-03 09:39:03,12.2300,13,681128.0000,557,B,12.2200,12.2100,12.2000,12.1900,12.1800,12.2300,12.2400,12.2500,12.2600,12.2700,679,176,275,891,1642,58,574,926,1573,1410
SZ,000001,2019-06-03 09:39:06,12.2200,1,3672.0000,3,S,12.2200,12.2100,12.2000,12.1900,12.1800,12.2300,12.2400,12.2500,12.2600,12.2700,676,176,275,891,1642,62,594,956,1573,1410
SZ,000001,2019-06-03 09:39:09,12.2300,6,40352.0000,33,B,12.2200,12.2100,12.2000,12.1900,12.1800,12.2300,12.2400,12.2500,12.2600,12.2700,689,176,275,891,1642,30,594,966,1573,1410
SZ,000001,2019-06-03 09:39:12,12.2300,3,73344.0000,60,B,12.2200,12.2100,12.2000,12.1900,12.1800,12.2300,12.2400,12.2500,12.2600,12.2700,649,177,275,881,1642,10,594,928,1563,1410
SZ,000001,2019-06-03 09:39:15,12.2200,8,37904.0000,31,S,12.2200,12.2100,12.2000,12.1900,12.1800,12.2300,12.2400,12.2500,12.2600,12.2700,639,177,275,943,1642,190,594,936,1563,1410
SZ,000001,2019-06-03 09:39:18,12.2300,4,320336.0000,262,B,12.2200,12.2100,12.2000,12.1900,12.1800,12.2300,12.2400,12.2500,12.2600,12.2700,553,177,276,948,1642,19,598,936,1563,1410
SZ,000001,2019-06-03 09:39:21,12.2200,8,53792.0000,44,S,12.2200,12.2100,12.2000,12.1900,12.1800,12.2300,12.2400,12.2500,12.2600,12.2700,531,177,381,948,1592,65,597,948,1563,1410
SZ,000001,2019-06-03 09:39:24,12.2400,8,123552.0000,101,B,12.2200,12.2100,12.2000,12.1900,12.1800,12.2400,12.2500,12.2600,12.2700,12.2800,530,177,381,984,1592,576,1168,1563,1410,1083
SZ,000001,2019-06-03 09:39:27,12.2300,3,15904.0000,13,S,12.2300,12.2200,12.2100,12.2000,12.1900,12.2400,12.2500,12.2600,12.2700,12.2800,4,537,177,381,984,596,1174,1563,1410,1083
SZ,000001,2019-06-03 09:39:30,12.2300,6,88064.0000,72,S,12.2300,12.2200,12.2100,12.2000,12.1900,12.2400,12.2500,12.2600,12.2700,12.2800,62,4430,177,381,984,566,1254,1563,1410,983
SZ,000001,2019-06-03 09:39:33,12.2400,1,11016.0000,9,B,12.2300,12.2200,12.2100,12.2000,12.1900,12.2400,12.2500,12.2600,12.2700,12.2800,156,4430,177,381,984,562,1254,1563,1410,1013
SZ,000001,2019-06-03 09:39:36,12.2400,7,73440.0000,60,B,12.2300,12.2200,12.2100,12.2000,12.1900,12.2400,12.2500,12.2600,12.2700,12.2800,155,4430,177,391,922,837,1258,1563,1442,1013
SZ,000001,2019-06-03 09:39:39,12.2400,3,17128.0000,14,B,12.2300,12.2200,12.2100,12.2000,12.1900,12.2400,12.2500,12.2600,12.2700,12.2800,152,4530,177,391,896,829,1258,1563,1442,1013
SZ,000001,2019-06-03 09:39:42,12.2300,4,25688.0000,21,S,12.2300,12.2200,12.2100,12.2000,12.1900,12.2400,12.2500,12.2600,12.2700,12.2800,135,4530,177,391,896,958,1263,1568,1442,1013
SZ,000001,2019-06-03 09:39:45,12.2400,12,184736.0000,151,B,12.2300,12.2200,12.2100,12.2000,12.1900,12.2400,12.2500,12.2600,12.2700,12.2800,104,4530,177,391,896,894,1263,1568,1442,1013
SZ,000001,2019-06-03 09:39:48,12.2300,4,7344.0000,6,S,12.2300,12.2200,12.2100,12.2000,12.1900,12.2400,12.2500,12.2600,12.2700,12.2800,179,4562,177,391,896,953,1263,1557,1442,1013
SZ,000001,2019-06-03 09:39:54,12.2300,5,45272.0000,37,S,12.2300,12.2200,12.2100,12.2000,12.1900,12.2400,12.2500,12.2600,12.2700,12.2800,274,4562,177,396,896,1052,1271,1592,1432,1013
SZ,000001,2019-06-03 09:39:57,12.2300,8,119896.0000,98,S,12.2300,12.2200,12.2100,12.2000,12.1900,12.2400,12.2500,12.2600,12.2700,12.2800,376,4562,177,396,896,1914,1271,1582,1432,1115
SZ,000001,2019-06-03 09:40:00,12.2300,1,1224.0000,1,S,12.2300,12.2200,12.2100,12.2000,12.1900,12.2400,12.2500,12.2600,12.2700,12.2800,378,4562,177,398,896,1921,1276,1592,1432,1115
SZ,000001,2019-06-03 09:40:03,12.2300,46,1461400.0000,1194,S,12.2300,12.2200,12.2100,12.2000,12.1900,12.2400,12.2500,12.2600,12.2700,12.2800,399,4562,177,498,896,810,1281,1592,1432,1115
SZ,000001,2019-06-03 09:40:06,12.2400,27,1052616.0000,860,B,12.2300,12.2200,12.2100,12.2000,12.1900,12.2400,12.2500,12.2600,12.2700,12.2800,383,4562,182,498,896,0,1281,1492,1432,1115
SZ,000001,2019-06-03 09:40:09,12.2400,66,5128760.0000,4196,B,12.2400,12.2300,12.2200,12.2100,12.2000,12.2500,12.2600,12.2700,12.2800,12.2900,8,95,1308,182,518,772,1492,1432,1115,1678
SZ,000001,2019-06-03 09:40:12,12.2300,14,399952.0000,326,S,12.2300,12.2200,12.2100,12.2000,12.1900,12.2400,12.2500,12.2600,12.2700,12.2800,70,1309,182,997,896,98,703,1492,981,1115
SZ,000001,2019-06-03 09:40:15,12.2300,7,148056.0000,121,S,12.2300,12.2200,12.2100,12.2000,12.1900,12.2400,12.2500,12.2600,12.2700,12.2800,524,1309,182,997,896,38,703,1492,981,1115
SZ,000001,2019-06-03 09:40:18,12.2400,8,56304.0000,46,B,12.2400,12.2300,12.2200,12.2100,12.2000,12.2500,12.2600,12.2700,12.2800,12.2900,6,540,1309,150,997,707,1492,981,1115,1678
SZ,000001,2019-06-03 09:40:21,12.2400,8,132160.0000,108,S,12.2400,12.2300,12.2200,12.2100,12.2000,12.2500,12.2600,12.2700,12.2800,12.2900,271,486,1309,150,1007,678,1492,981,1115,1678
SZ,000001,2019-06-03 09:40:24,12.2500,1,6128.0000,5,B,12.2400,12.2300,12.2200,12.2100,12.2000,12.2500,12.2600,12.2700,12.2800,12.2900,272,506,1309,150,1007,676,1492,981,1115,1678
SZ,000001,2019-06-03 09:40:27,12.2400,7,342720.0000,280,S,12.2300,12.2200,12.2100,12.2000,12.1900,12.2400,12.2500,12.2600,12.2700,12.2800,502,1309,150,1007,896,72,670,1492,1051,1115
SZ,000001,2019-06-03 09:40:30,12.2400,7,510272.0000,418,B,12.2400,12.2300,12.2200,12.2100,12.2000,12.2500,12.2600,12.2700,12.2800,12.2900,392,212,1309,150,1007,615,1492,1070,1115,1678
SZ,000001,2019-06-03 09:40:33,12.2500,2,15928.0000,13,B,12.2400,12.2300,12.2200,12.2100,12.2000,12.2500,12.2600,12.2700,12.2800,12.2900,395,222,1309,150,1037,603,1502,1070,1115,1748
SZ,000001,2019-06-03 09:40:36,12.2400,2,42840.0000,35,S,12.2400,12.2300,12.2200,12.2100,12.2000,12.2500,12.2600,12.2700,12.2800,12.2900,418,222,1314,150,1057,603,1502,1070,1135,1758
SZ,000001,2019-06-03 09:40:39,12.2400,7,178736.0000,146,S,12.2400,12.2300,12.2200,12.2100,12.2000,12.2500,12.2600,12.2700,12.2800,12.2900,326,231,1314,170,1057,575,1502,1070,1155,1758
SZ,000001,2019-06-03 09:40:42,12.2500,34,1244448.0000,1016,B,12.2500,12.2400,12.2300,12.2200,12.2100,12.2600,12.2700,12.2800,12.2900,12.3000,200,172,235,1314,170,1502,1070,1155,1758,2345
SZ,000001,2019-06-03 09:40:45,12.2500,9,580656.0000,474,S,12.2500,12.2400,12.2300,12.2200,12.2100,12.2600,12.2700,12.2800,12.2900,12.3000,128,172,235,1314,180,1538,1070,1155,1758,2344
SZ,000001,2019-06-03 09:40:48,12.2500,4,162920.0000,133,S,12.2400,12.2300,12.2200,12.2100,12.2000,12.2500,12.2600,12.2700,12.2800,12.2900,172,235,1314,180,1067,162,1541,1070,1155,1758
SZ,000001,2019-06-03 09:40:51,12.2400,1,6120.0000,5,S,12.2400,12.2300,12.2200,12.2100,12.2000,12.2500,12.2600,12.2700,12.2800,12.2900,180,255,1314,180,1067,761,1541,1070,1155,1758
SZ,000001,2019-06-03 09:40:54,12.2400,14,317016.0000,259,S,12.2400,12.2300,12.2200,12.2100,12.2000,12.2500,12.2600,12.2700,12.2800,12.2900,62,255,1314,180,1047,806,1541,1070,1155,1758
SZ,000001,2019-06-03 09:40:57,12.2400,5,139376.0000,113,S,12.2300,12.2200,12.2100,12.2000,12.1900,12.2400,12.2500,12.2600,12.2700,12.2800,255,1314,180,1047,926,658,856,1541,1070,1255
SZ,000001,2019-06-03 09:41:00,12.2400,9,197064.0000,161,B,12.2300,12.2200,12.2100,12.2000,12.1900,12.2400,12.2500,12.2600,12.2700,12.2800,254,1314,185,1049,876,597,876,1544,1070,1255
SZ,000001,2019-06-03 09:41:03,12.2300,2,68520.0000,56,S,12.2300,12.2200,12.2100,12.2000,12.1900,12.2400,12.2500,12.2600,12.2700,12.2800,228,1314,395,1049,863,617,876,1544,1060,1255
SZ,000001,2019-06-03 09:41:06,12.2300,5,192072.0000,157,S,12.2300,12.2200,12.2100,12.2000,12.1900,12.2400,12.2500,12.2600,12.2700,12.2800,147,1334,385,1049,863,560,2017,1535,1070,1255
SZ,000001,2019-06-03 09:41:09,12.2400,7,85664.0000,70,B,12.2300,12.2200,12.2100,12.2000,12.1900,12.2400,12.2500,12.2600,12.2700,12.2800,332,1334,385,1059,863,605,2046,1535,1070,1255
SZ,000001,2019-06-03 09:41:12,12.2400,13,570376.0000,466,B,12.2300,12.2200,12.2100,12.2000,12.1900,12.2400,12.2500,12.2600,12.2700,12.2800,325,1334,380,1058,863,146,2193,1547,1070,1455
SZ,000001,2019-06-03 09:41:15,12.2400,10,159096.0000,130,B,12.2300,12.2200,12.2100,12.2000,12.1900,12.2400,12.2500,12.2600,12.2700,12.2800,309,1334,385,1065,863,956,2202,1547,1070,1455
SZ,000001,2019-06-03 09:41:18,12.2400,12,186048.0000,152,B,12.2300,12.2200,12.2100,12.2000,12.1900,12.2400,12.2500,12.2600,12.2700,12.2800,340,1334,385,1065,863,808,2230,1573,1070,1455
SZ,000001,2019-06-03 09:41:21,12.2400,15,989152.0000,809,B,12.2400,12.2300,12.2200,12.2100,12.2000,12.2500,12.2600,12.2700,12.2800,12.2900,1409,350,1334,385,1078,2280,1573,1070,1455,1778
SZ,000001,2019-06-03 09:41:24,12.2500,15,317232.0000,259,B,12.2400,12.2300,12.2200,12.2100,12.2000,12.2500,12.2600,12.2700,12.2800,12.2900,1398,355,1334,385,1083,2065,1818,1070,1455,1778
SZ,000001,2019-06-03 09:41:27,12.2500,19,546336.0000,446,B,12.2400,12.2300,12.2200,12.2100,12.2000,12.2500,12.2600,12.2700,12.2800,12.2900,1709,143,1334,385,1073,1581,1776,1083,1455,1778
SZ,000001,2019-06-03 09:41:30,12.2500,52,2592752.0000,2116,B,12.2500,12.2400,12.2300,12.2200,12.2100,12.2600,12.2700,12.2800,12.2900,12.3000,6,1715,143,1334,385,1282,1083,1455,1778,2383
SZ,000001,2019-06-03 09:41:33,12.2500,30,793088.0000,647,S,12.2500,12.2400,12.2300,12.2200,12.2100,12.2600,12.2700,12.2800,12.2900,12.3000,339,1415,348,1334,385,783,1083,1455,1778,2383
SZ,000001,2019-06-03 09:41:36,12.2700,64,2431184.0000,1984,B,12.2600,12.2500,12.2400,12.2300,12.2200,12.2700,12.2800,12.2900,12.3000,12.3100,433,31,1045,396,1334,833,1485,1778,2383,859
SZ,000001,2019-06-03 09:41:39,12.2700,32,1053968.0000,859,B,12.2600,12.2500,12.2400,12.2300,12.2200,12.2800,12.2900,12.3000,12.3100,12.3200,706,31,855,396,1334,1485,1797,2388,859,885
SZ,000001,2019-06-03 09:41:42,12.2700,44,1643040.0000,1338,B,12.2700,12.2600,12.2500,12.2400,12.2300,12.2800,12.2900,12.3000,12.3100,12.3200,11,739,31,855,363,183,1797,2388,859,885
SZ,000001,2019-06-03 09:41:45,12.2800,17,670832.0000,546,B,12.2800,12.2700,12.2600,12.2500,12.2400,12.2900,12.3000,12.3100,12.3200,12.3300,13,312,481,36,855,1450,2403,859,885,862
SZ,000001,2019-06-03 09:41:48,12.2900,29,514920.0000,419,B,12.2800,12.2700,12.2600,12.2500,12.2400,12.2900,12.3000,12.3100,12.3200,12.3300,29,334,454,1006,865,1056,2423,859,885,862
SZ,000001,2019-06-03 09:41:51,12.2900,16,470704.0000,383,B,12.2800,12.2700,12.2600,12.2500,12.2400,12.2900,12.3000,12.3100,12.3200,12.3300,330,29,454,1006,865,681,2403,868,885,862
SZ,000001,2019-06-03 09:41:54,12.3000,83,1453088.0000,1182,B,12.2800,12.2700,12.2600,12.2500,12.2400,12.3000,12.3100,12.3200,12.3300,12.3400,293,39,454,1006,865,1874,868,885,862,793
SZ,000001,2019-06-03 09:41:57,12.2800,43,1161760.0000,945,S,12.2800,12.2700,12.2600,12.2500,12.2400,12.2900,12.3000,12.3100,12.3200,12.3300,211,39,493,1006,55,572,1405,868,885,867
SZ,000001,2019-06-03 09:42:00,12.2900,25,597288.0000,486,B,12.2800,12.2700,12.2600,12.2500,12.2400,12.2900,12.3000,12.3100,12.3200,12.3300,207,39,492,1006,55,94,1377,868,885,863
SZ,000001,2019-06-03 09:42:03,12.3000,27,496712.0000,404,B,12.2900,12.2800,12.2700,12.2600,12.2500,12.3000,12.3100,12.3200,12.3300,12.3400,594,237,39,492,1006,1181,868,885,863,849
SZ,000001,2019-06-03 09:42:06,12.3000,32,1174280.0000,955,B,12.2900,12.2800,12.2700,12.2600,12.2500,12.3000,12.3100,12.3200,12.3300,12.3400,519,48,39,459,1007,594,898,905,883,849
SZ,000001,2019-06-03 09:42:09,12.3000,52,1392192.0000,1132,B,12.3000,12.2900,12.2800,12.2700,12.2600,12.3100,12.3200,12.3300,12.3400,12.3500,736,290,47,36,459,899,905,885,849,2337
SZ,000001,2019-06-03 09:42:12,12.3100,33,386368.0000,314,B,12.3000,12.2900,12.2800,12.2700,12.2600,12.3100,12.3200,12.3300,12.3400,12.3500,897,106,47,36,90,746,927,885,854,2348
SZ,000001,2019-06-03 09:42:15,12.3000,14,380240.0000,309,S,12.3000,12.2900,12.2800,12.2700,12.2600,12.3100,12.3200,12.3300,12.3400,12.3500,781,69,17,36,90,601,927,890,874,2348
SZ,000001,2019-06-03 09:42:18,12.3100,36,864160.0000,702,S,12.3100,12.3000,12.2900,12.2800,12.2700,12.3200,12.3300,12.3400,12.3500,12.3600,583,762,69,22,36,941,890,912,2389,1353
SZ,000001,2019-06-03 09:42:21,12.3100,39,953808.0000,774,S,12.3100,12.3000,12.2900,12.2800,12.2700,12.3200,12.3300,12.3400,12.3500,12.3600,451,761,70,19,35,479,890,1076,2368,1433
SZ,000001,2019-06-03 09:42:24,12.3100,40,698432.0000,567,S,12.3100,12.3000,12.2900,12.2800,12.2700,12.3200,12.3300,12.3400,12.3500,12.3600,382,761,65,19,35,32,890,1106,2348,1433
SZ,000001,2019-06-03 09:42:27,12.3200,35,380792.0000,309,B,12.3100,12.3000,12.2900,12.2800,12.2700,12.3200,12.3300,12.3400,12.3500,12.3600,668,438,64,29,35,3891,744,1186,2348,1485
SZ,000001,2019-06-03 09:42:30,12.3100,14,543256.0000,441,S,12.3100,12.3000,12.2900,12.2800,12.2700,12.3200,12.3300,12.3400,12.3500,12.3600,735,460,64,29,35,3571,789,1187,2348,1490
SZ,000001,2019-06-03 09:42:33,12.3100,60,3983952.0000,3238,S,12.3000,12.2900,12.2800,12.2700,12.2600,12.3100,12.3200,12.3300,12.3400,12.3500,53,31,29,35,97,46,3484,802,1212,2354
SZ,000001,2019-06-03 09:42:36,12.3100,13,124336.0000,101,B,12.3000,12.2900,12.2800,12.2700,12.2600,12.3100,12.3200,12.3300,12.3400,12.3500,18,31,29,35,97,46,3504,802,1234,2395
SZ,000001,2019-06-03 09:42:39,12.3200,25,1932272.0000,1569,B,12.3100,12.3000,12.2900,12.2800,12.2700,12.3200,12.3300,12.3400,12.3500,12.3600,58,287,31,29,35,2669,802,1304,2395,1500
SZ,000001,2019-06-03 09:42:42,12.3200,13,497376.0000,404,B,12.3100,12.3000,12.2900,12.2800,12.2700,12.3200,12.3300,12.3400,12.3500,12.3600,134,5,131,29,35,2786,908,1304,2378,1510
SZ,000001,2019-06-03 09:42:45,12.3100,15,307808.0000,250,S,12.3000,12.2900,12.2800,12.2700,12.2600,12.3100,12.3200,12.3300,12.3400,12.3500,5,109,29,35,99,1,2748,939,1364,2388
SZ,000001,2019-06-03 09:42:48,12.3100,15,1350128.0000,1096,B,12.3100,12.3000,12.2900,12.2800,12.2700,12.3200,12.3300,12.3400,12.3500,12.3600,27,5,109,29,25,1915,921,1364,2413,1480
SZ,000001,2019-06-03 09:42:51,12.3200,17,566560.0000,460,B,12.3000,12.2900,12.2800,12.2700,12.2600,12.3100,12.3200,12.3300,12.3400,12.3500,110,109,29,25,199,21,1586,901,1354,2413
SZ,000001,2019-06-03 09:42:54,12.3100,5,36912.0000,30,B,12.3000,12.2900,12.2800,12.2700,12.2600,12.3100,12.3200,12.3300,12.3400,12.3500,99,119,29,25,199,41,1722,1101,1375,2426
SZ,000001,2019-06-03 09:42:57,12.3200,12,129312.0000,105,B,12.3000,12.2900,12.2800,12.2700,12.2600,12.3100,12.3200,12.3300,12.3400,12.3500,119,119,29,223,199,46,1738,1176,1585,2465
SZ,000001,2019-06-03 09:43:00,12.3000,14,1378528.0000,1119,S,12.3000,12.2900,12.2800,12.2700,12.2600,12.3100,12.3200,12.3300,12.3400,12.3500,75,119,29,223,199,138,897,1178,1585,2465
SZ,000001,2019-06-03 09:43:03,12.3200,17,241248.0000,196,B,12.3100,12.3000,12.2900,12.2800,12.2700,12.3200,12.3300,12.3400,12.3500,12.3600,338,128,119,49,223,843,1199,1685,2495,1593
SZ,000001,2019-06-03 09:43:06,12.3100,15,403792.0000,328,S,12.3100,12.3000,12.2900,12.2800,12.2700,12.3200,12.3300,12.3400,12.3500,12.3600,1651,128,119,49,223,862,1241,1765,2495,1603
SZ,000001,2019-06-03 09:43:09,12.3100,7,212960.0000,173,S,12.3100,12.3000,12.2900,12.2800,12.2700,12.3200,12.3300,12.3400,12.3500,12.3600,1531,128,119,49,223,962,1256,1833,2505,1603
SZ,000001,2019-06-03 09:43:12,12.3100,27,2085312.0000,1694,S,12.3100,12.3000,12.2900,12.2800,12.2700,12.3200,12.3300,12.3400,12.3500,12.3600,2,128,119,49,223,2058,1281,1871,2508,1628
SZ,000001,2019-06-03 09:43:15,12.3100,16,198208.0000,161,S,12.3000,12.2900,12.2800,12.2700,12.2600,12.3100,12.3200,12.3300,12.3400,12.3500,137,119,49,223,209,643,2082,1286,1873,2520
SZ,000001,2019-06-03 09:43:18,12.3000,12,221440.0000,180,S,12.3000,12.2900,12.2800,12.2700,12.2600,12.3100,12.3200,12.3300,12.3400,12.3500,3,119,49,253,209,1580,2205,1321,1894,2540
SZ,000001,2019-06-03 09:43:21,12.2900,8,29344.0000,24,S,12.2900,12.2800,12.2700,12.2600,12.2500,12.3000,12.3100,12.3200,12.3300,12.3400,99,51,253,209,1047,19,1716,2246,1356,2094
SZ,000001,2019-06-03 09:43:24,12.3000,8,67648.0000,55,B,12.2900,12.2800,12.2700,12.2600,12.2500,12.3000,12.3100,12.3200,12.3300,12.3400,99,49,253,209,1047,10,1748,2281,1482,2101
SZ,000001,2019-06-03 09:43:27,12.3000,6,35664.0000,29,B,12.2900,12.2800,12.2700,12.2600,12.2500,12.3000,12.3100,12.3200,12.3300,12.3400,91,54,253,309,1047,50,1910,2322,1481,2109
SZ,000001,2019-06-03 09:43:30,12.3000,12,105888.0000,86,B,12.2900,12.2800,12.2700,12.2600,12.2500,12.3000,12.3100,12.3200,12.3300,12.3400,40,54,263,309,1047,73,1930,2365,1478,2109
SZ,000001,2019-06-03 09:43:33,12.2900,5,58832.0000,48,S,12.2800,12.2700,12.2600,12.2500,12.2400,12.2900,12.3000,12.3100,12.3200,12.3300,54,263,321,1047,45,1,218,1979,2355,1473
SZ,000001,2019-06-03 09:43:36,12.2900,7,67600.0000,55,B,12.2800,12.2700,12.2600,12.2500,12.2400,12.2900,12.3000,12.3100,12.3200,12.3300,49,267,321,1047,45,7,269,1974,2388,1483
SZ,000001,2019-06-03 09:43:39,12.2800,18,128976.0000,105,S,12.2700,12.2600,12.2500,12.2400,12.2300,12.2800,12.2900,12.3000,12.3100,12.3200,314,321,1047,45,432,15,60,828,1943,3581
SZ,000001,2019-06-03 09:43:42,12.2900,7,72496.0000,59,B,12.2800,12.2700,12.2600,12.2500,12.2400,12.2900,12.3000,12.3100,12.3200,12.3300,15,274,321,1048,45,877,1359,1903,2609,1513
SZ,000001,2019-06-03 09:43:45,12.2800,4,22096.0000,18,S,12.2800,12.2700,12.2600,12.2500,12.2400,12.2900,12.3000,12.3100,12.3200,12.3300,1,274,321,1048,55,876,1369,1889,2629,1580
SZ,000001,2019-06-03 09:43:48,12.2800,5,20880.0000,17,S,12.2700,12.2600,12.2500,12.2400,12.2300,12.2800,12.2900,12.3000,12.3100,12.3200,274,321,1048,55,432,15,1090,1394,1904,2619
SZ,000001,2019-06-03 09:43:51,12.2900,9,52816.0000,43,B,12.2700,12.2600,12.2500,12.2400,12.2300,12.2900,12.3000,12.3100,12.3200,12.3300,269,321,1048,75,432,1084,1414,1904,2629,1600
SZ,000001,2019-06-03 09:43:54,12.2900,1,6144.0000,5,B,12.2700,12.2600,12.2500,12.2400,12.2300,12.2800,12.2900,12.3000,12.3100,12.3200,273,321,1049,135,732,6,1391,1902,1904,2637
SZ,000001,2019-06-03 09:43:57,12.2800,6,46656.0000,38,B,12.2800,12.2700,12.2600,12.2500,12.2400,12.2900,12.3000,12.3100,12.3200,12.3300,22,263,221,1049,135,1449,1910,1914,2537,1598
SZ,000001,2019-06-03 09:44:00,12.2800,8,137536.0000,112,S,12.2700,12.2600,12.2500,12.2400,12.2300,12.2800,12.2900,12.3000,12.3100,12.3200,283,223,1049,135,732,88,1456,2430,1914,2550
SZ,000001,2019-06-03 09:44:03,12.2800,5,173152.0000,141,B,12.2800,12.2700,12.2600,12.2500,12.2400,12.2900,12.3000,12.3100,12.3200,12.3300,38,253,230,1049,135,1497,2460,2024,2561,1601
SZ,000001,2019-06-03 09:44:06,12.2800,4,29472.0000,24,S,12.2800,12.2700,12.2600,12.2500,12.2400,12.2900,12.3000,12.3100,12.3200,12.3300,17,253,130,1049,135,1497,2460,2075,2566,1601
SZ,000001,2019-06-03 09:44:09,12.2800,10,141184.0000,115,S,12.2700,12.2600,12.2500,12.2400,12.2300,12.2800,12.2900,12.3000,12.3100,12.3200,223,130,1049,135,732,213,1547,2473,2086,2515
SZ,000001,2019-06-03 09:44:12,12.2900,15,508560.0000,414,B,12.2800,12.2700,12.2600,12.2500,12.2400,12.2900,12.3000,12.3100,12.3200,12.3300,66,229,130,1049,135,1420,2478,2086,2515,1627
SZ,000001,2019-06-03 09:44:15,12.2900,19,639936.0000,521,B,12.2800,12.2700,12.2600,12.2500,12.2400,12.2900,12.3000,12.3100,12.3200,12.3300,233,377,940,1049,135,1274,2529,2085,2535,1627
SZ,000001,2019-06-03 09:44:18,12.2800,31,1559616.0000,1269,S,12.2900,12.2800,12.2700,12.2600,12.2500,12.3000,12.3100,12.3200,12.3300,12.3400,33,35,228,940,1049,2515,2085,2488,1706,2138
SZ,000001,2019-06-03 09:44:21,12.2900,37,1108112.0000,901,S,12.2900,12.2800,12.2700,12.2600,12.2500,12.3000,12.3100,12.3200,12.3300,12.3400,117,26,219,940,1049,1727,2063,2488,1706,2138
SZ,000001,2019-06-03 09:44:24,12.2900,20,560288.0000,456,S,12.2800,12.2700,12.2600,12.2500,12.2400,12.2900,12.3000,12.3100,12.3200,12.3300,536,244,955,1049,135,57,1685,2063,2488,1706
SZ,000001,2019-06-03 09:44:27,12.3000,11,118016.0000,96,B,12.2900,12.2800,12.2700,12.2600,12.2500,12.3000,12.3100,12.3200,12.3300,12.3400,337,449,244,964,1049,1670,2063,2417,1711,2138
SZ,000001,2019-06-03 09:44:30,12.3000,26,745184.0000,606,B,12.2900,12.2800,12.2700,12.2600,12.2500,12.3000,12.3100,12.3200,12.3300,12.3400,173,449,244,964,1049,1278,2078,2489,1711,2138
SZ,000001,2019-06-03 09:44:33,12.2900,24,531216.0000,432,S,12.2900,12.2800,12.2700,12.2600,12.2500,12.3000,12.3100,12.3200,12.3300,12.3400,98,470,244,967,1049,1196,2038,2346,1711,2091
SZ,000001,2019-06-03 09:44:36,12.2900,16,604944.0000,492,S,12.2900,12.2800,12.2700,12.2600,12.2500,12.3000,12.3100,12.3200,12.3300,12.3400,231,470,244,967,1049,927,1967,2354,1691,2093
SZ,000001,2019-06-03 09:44:39,12.2900,5,67648.0000,55,S,12.2900,12.2800,12.2700,12.2600,12.2500,12.3000,12.3100,12.3200,12.3300,12.3400,225,520,253,967,1049,898,1957,2354,1696,2089
SZ,000001,2019-06-03 09:44:42,12.3000,10,284032.0000,231,B,12.2900,12.2800,12.2700,12.2600,12.2500,12.3000,12.3100,12.3200,12.3300,12.3400,127,520,236,967,1054,805,1957,2341,1696,2089
SZ,000001,2019-06-03 09:44:45,12.3000,36,1215184.0000,988,B,12.3000,12.2900,12.2800,12.2700,12.2600,12.3100,12.3200,12.3300,12.3400,12.3500,187,77,450,236,970,1969,2341,1738,2089,3630
SZ,000001,2019-06-03 09:44:48,12.3100,22,862896.0000,701,B,12.3000,12.2900,12.2800,12.2700,12.2600,12.3100,12.3200,12.3300,12.3400,12.3500,368,1457,466,236,970,1304,2341,1738,2089,3640
SZ,000001,2019-06-03 09:44:51,12.3100,97,3736416.0000,3034,B,12.3100,12.3000,12.2900,12.2800,12.2700,12.3200,12.3300,12.3400,12.3500,12.3600,3076,496,1507,437,236,800,1738,2089,3645,1562
SZ,000001,2019-06-03 09:44:54,12.3200,54,1630576.0000,1323,B,12.3200,12.3100,12.3000,12.2900,12.2800,12.3300,12.3400,12.3500,12.3600,12.3700,180,2774,532,1607,435,1283,2089,3645,1562,1308
SZ,000001,2019-06-03 09:44:57,12.3200,16,293232.0000,238,S,12.3200,12.3100,12.3000,12.2900,12.2800,12.3300,12.3400,12.3500,12.3600,12.3700,151,2820,457,1245,435,1391,2089,3645,1592,1308
SZ,000001,2019-06-03 09:45:00,12.3300,23,283600.0000,230,B,12.3200,12.3100,12.3000,12.2900,12.2800,12.3300,12.3400,12.3500,12.3600,12.3700,178,2881,457,1245,95,1181,2135,3645,1592,1308
SZ,000001,2019-06-03 09:45:03,12.3300,14,247728.0000,201,B,12.3200,12.3100,12.3000,12.2900,12.2800,12.3300,12.3400,12.3500,12.3600,12.3700,101,2881,432,1245,74,1383,2135,3637,1592,1308
SZ,000001,2019-06-03 09:45:06,12.3300,31,1363040.0000,1107,B,12.3100,12.3000,12.2900,12.2800,12.2700,12.3300,12.3400,12.3500,12.3600,12.3700,1991,432,1176,74,228,1290,2135,3622,1592,1308
SZ,000001,2019-06-03 09:45:09,12.3300,15,314416.0000,255,B,12.3100,12.3000,12.2900,12.2800,12.2700,12.3200,12.3300,12.3400,12.3500,12.3600,2040,432,1176,74,228,233,1238,2135,3622,1592
SZ,000001,2019-06-03 09:45:12,12.3200,12,256224.0000,208,B,12.3100,12.3000,12.2900,12.2800,12.2700,12.3200,12.3300,12.3400,12.3500,12.3600,2013,432,1176,74,238,228,1353,2135,3622,1592
SZ,000001,2019-06-03 09:45:15,12.3300,27,647088.0000,525,B,12.3100,12.3000,12.2900,12.2800,12.2700,12.3300,12.3400,12.3500,12.3600,12.3700,2018,438,1176,74,243,1137,2139,3614,1592,1308
SZ,000001,2019-06-03 09:45:18,12.3200,9,28336.0000,23,S,12.3100,12.3000,12.2900,12.2800,12.2700,12.3200,12.3300,12.3400,12.3500,12.3600,1958,438,1176,89,243,27,1202,2159,3609,1592
SZ,000001,2019-06-03 09:45:21,12.3200,13,773792.0000,628,B,12.3100,12.3000,12.2900,12.2800,12.2700,12.3200,12.3300,12.3400,12.3500,12.3600,1861,258,1176,89,243,2542,1351,2184,3589,1592
SZ,000001,2019-06-03 09:45:24,12.3200,7,45584.0000,37,B,12.3100,12.3000,12.2900,12.2800,12.2700,12.3200,12.3300,12.3400,12.3500,12.3600,2088,268,1176,89,243,2796,1478,2207,3589,1602
SZ,000001,2019-06-03 09:45:27,12.3100,8,102192.0000,83,S,12.3100,12.3000,12.2900,12.2800,12.2700,12.3200,12.3300,12.3400,12.3500,12.3600,2009,379,1176,89,243,2793,1569,2207,3599,1602
SZ,000001,2019-06-03 09:45:30,12.3200,13,216800.0000,176,B,12.3100,12.3000,12.2900,12.2800,12.2700,12.3200,12.3300,12.3400,12.3500,12.3600,2043,389,1176,89,243,2799,1599,2207,3598,1607
SZ,000001,2019-06-03 09:45:33,12.3100,5,370528.0000,301,S,12.3100,12.3000,12.2900,12.2800,12.2700,12.3200,12.3300,12.3400,12.3500,12.3600,1743,389,1176,89,243,2879,1616,2207,3598,1607
SZ,000001,2019-06-03 09:45:36,12.3200,12,652912.0000,530,B,12.3100,12.3000,12.2900,12.2800,12.2700,12.3200,12.3300,12.3400,12.3500,12.3600,1789,499,1176,89,243,2584,1527,2207,3598,1607
SZ,000001,2019-06-03 09:45:39,12.3100,41,2643136.0000,2147,S,12.3000,12.2900,12.2800,12.2700,12.2600,12.3100,12.3200,12.3300,12.3400,12.3500,499,1176,99,243,1070,350,2251,1680,2207,3598
SZ,000001,2019-06-03 09:45:42,12.3100,10,289280.0000,235,B,12.3000,12.2900,12.2800,12.2700,12.2600,12.3100,12.3200,12.3300,12.3400,12.3500,618,1176,99,243,1070,114,2367,1684,2216,3477
SZ,000001,2019-06-03 09:45:45,12.3100,1,6160.0000,5,B,12.3000,12.2900,12.2800,12.2700,12.2600,12.3100,12.3200,12.3300,12.3400,12.3500,618,1176,99,243,1070,103,2478,1641,2216,3499
SZ,000001,2019-06-03 09:45:48,12.3100,2,59088.0000,48,B,12.3000,12.2900,12.2800,12.2700,12.2600,12.3100,12.3200,12.3300,12.3400,12.3500,638,1176,99,253,1070,786,2516,1663,2216,3499
SZ,000001,2019-06-03 09:45:51,12.3100,3,34448.0000,28,B,12.3000,12.2900,12.2800,12.2700,12.2600,12.3100,12.3200,12.3300,12.3400,12.3500,617,1176,99,253,1070,831,2466,1677,2220,3502
SZ,000001,2019-06-03 09:45:54,12.3000,6,52912.0000,43,S,12.3000,12.2900,12.2800,12.2700,12.2600,12.3100,12.3200,12.3300,12.3400,12.3500,682,1176,136,253,1080,1742,2466,1758,2282,3512
SZ,000001,2019-06-03 09:45:57,12.3100,13,267120.0000,217,B,12.3000,12.2900,12.2800,12.2700,12.2600,12.3100,12.3200,12.3300,12.3400,12.3500,676,1176,136,286,1110,1557,2524,1874,2282,3511
SZ,000001,2019-06-03 09:46:00,12.3000,11,222640.0000,181,S,12.3000,12.2900,12.2800,12.2700,12.2600,12.3100,12.3200,12.3300,12.3400,12.3500,605,1176,136,286,1112,1932,2635,1738,2282,3633
SZ,000001,2019-06-03 09:46:03,12.3100,15,190736.0000,155,B,12.3000,12.2900,12.2800,12.2700,12.2600,12.3100,12.3200,12.3300,12.3400,12.3500,535,1176,136,286,1112,2346,2637,1724,2282,3629
SZ,000001,2019-06-03 09:46:06,12.3000,22,810576.0000,659,S,12.2900,12.2800,12.2700,12.2600,12.2500,12.3000,12.3100,12.3200,12.3300,12.3400,1176,136,286,1112,1480,403,2877,2723,1765,2282
SZ,000001,2019-06-03 09:46:09,12.3000,4,62720.0000,51,B,12.2900,12.2800,12.2700,12.2600,12.2500,12.3000,12.3100,12.3200,12.3300,12.3400,1186,136,286,1112,1480,491,2890,2722,1808,2244
SZ,000001,2019-06-03 09:46:12,12.3000,9,228784.0000,186,B,12.2900,12.2800,12.2700,12.2600,12.2500,12.3000,12.3100,12.3200,12.3300,12.3400,1306,136,286,1112,1480,649,2894,2786,1822,2264
SZ,000001,2019-06-03 09:46:15,12.3000,2,11072.0000,9,B,12.2900,12.2800,12.2700,12.2600,12.2500,12.3000,12.3100,12.3200,12.3300,12.3400,1309,136,253,1109,1525,667,3094,2800,1817,2264
SZ,000001,2019-06-03 09:46:18,12.2900,37,2258512.0000,1837,S,12.2900,12.2800,12.2700,12.2600,12.2500,12.3000,12.3100,12.3200,12.3300,12.3400,414,136,253,1109,1525,590,3237,2800,1770,2264
SZ,000001,2019-06-03 09:46:21,12.3000,10,301312.0000,245,B,12.2900,12.2800,12.2700,12.2600,12.2500,12.3000,12.3100,12.3200,12.3300,12.3400,430,140,264,1109,1530,442,3261,2913,1790,2264
SZ,000001,2019-06-03 09:46:24,12.3000,7,216400.0000,176,B,12.2900,12.2800,12.2700,12.2600,12.2500,12.3000,12.3100,12.3200,12.3300,12.3400,240,140,254,1109,1530,545,3255,2920,1794,2264
SZ,000001,2019-06-03 09:46:27,12.2900,19,421664.0000,343,S,12.2900,12.2800,12.2700,12.2600,12.2500,12.3000,12.3100,12.3200,12.3300,12.3400,14,140,254,1109,1530,488,3315,2920,1743,2264
SZ,000001,2019-06-03 09:46:30,12.2900,16,244752.0000,199,S,12.2900,12.2800,12.2700,12.2600,12.2500,12.3000,12.3100,12.3200,12.3300,12.3400,226,140,284,1109,1540,335,3415,2784,1743,2274
SZ,000001,2019-06-03 09:46:33,12.3100,27,579440.0000,471,B,12.3000,12.2900,12.2800,12.2700,12.2600,12.3100,12.3200,12.3300,12.3400,12.3500,318,309,170,284,1109,2657,2794,1743,2274,3665
SZ,000001,2019-06-03 09:46:36,12.3100,27,1166464.0000,948,B,12.3000,12.2900,12.2800,12.2700,12.2600,12.3100,12.3200,12.3300,12.3400,12.3500,99,126,170,275,1109,2197,2754,1764,2274,3465
SZ,000001,2019-06-03 09:46:39,12.3200,60,2742960.0000,2228,B,12.3000,12.2900,12.2800,12.2700,12.2600,12.3200,12.3300,12.3400,12.3500,12.3600,181,124,180,275,1109,2808,1764,2274,3502,1503
SZ,000001,2019-06-03 09:46:42,12.3200,8,263616.0000,214,B,12.3100,12.3000,12.2900,12.2800,12.2700,12.3200,12.3300,12.3400,12.3500,12.3600,93,325,124,180,275,2548,1790,2274,3502,1503
SZ,000001,2019-06-03 09:46:45,12.3200,8,240160.0000,195,B,12.3100,12.3000,12.2900,12.2800,12.2700,12.3200,12.3300,12.3400,12.3500,12.3600,20,467,127,180,275,2440,1820,2274,3502,1503
SZ,000001,2019-06-03 09:46:48,12.3100,8,310400.0000,252,S,12.3100,12.3000,12.2900,12.2800,12.2700,12.3200,12.3300,12.3400,12.3500,12.3600,217,375,127,180,285,2309,1841,2274,3502,1503
SZ,000001,2019-06-03 09:46:51,12.3200,8,150272.0000,122,B,12.3100,12.3000,12.2900,12.2800,12.2700,12.3200,12.3300,12.3400,12.3500,12.3600,208,351,127,180,287,2738,1836,2274,3395,1503
SZ,000001,2019-06-03 09:46:54,12.3200,5,129328.0000,105,B,12.3100,12.3000,12.2900,12.2800,12.2700,12.3200,12.3300,12.3400,12.3500,12.3600,279,330,127,180,287,2979,1841,2274,3395,1506
SZ,000001,2019-06-03 09:46:57,12.3100,12,213056.0000,173,S,12.3100,12.3000,12.2900,12.2800,12.2700,12.3200,12.3300,12.3400,12.3500,12.3600,202,358,136,180,287,2933,1841,2274,3397,1517
SZ,000001,2019-06-03 09:47:00,12.3200,7,728064.0000,591,B,12.3100,12.3000,12.2900,12.2800,12.2700,12.3200,12.3300,12.3400,12.3500,12.3600,152,358,136,180,287,2389,1841,2323,3405,1523
SZ,000001,2019-06-03 09:47:03,12.3100,11,402704.0000,327,S,12.3000,12.2900,12.2800,12.2700,12.2600,12.3100,12.3200,12.3300,12.3400,12.3500,513,136,180,287,1095,375,2225,1841,2323,3419
SZ,000001,2019-06-03 09:47:06,12.3100,8,275648.0000,224,B,12.3000,12.2900,12.2800,12.2700,12.2600,12.3100,12.3200,12.3300,12.3400,12.3500,527,136,180,287,1095,263,2226,1841,2323,3414
SZ,000001,2019-06-03 09:47:09,12.3100,4,34464.0000,28,B,12.3000,12.2900,12.2800,12.2700,12.2600,12.3100,12.3200,12.3300,12.3400,12.3500,527,136,180,327,1095,246,2231,1841,2323,3379
SZ,000001,2019-06-03 09:47:12,12.3100,13,760880.0000,618,B,12.3100,12.3000,12.2900,12.2800,12.2700,12.3200,12.3300,12.3400,12.3500,12.3600,124,537,136,180,327,2121,1833,2323,3379,1533
SZ,000001,2019-06-03 09:47:15,12.3100,12,226528.0000,184,S,12.3000,12.2900,12.2800,12.2700,12.2600,12.3100,12.3200,12.3300,12.3400,12.3500,535,136,180,344,1095,204,2111,1838,2323,3481
SZ,000001,2019-06-03 09:47:18,12.3000,9,97232.0000,79,S,12.3000,12.2900,12.2800,12.2700,12.2600,12.3100,12.3200,12.3300,12.3400,12.3500,538,136,180,344,1095,160,2111,1836,2323,3474
SZ,000001,2019-06-03 09:47:21,12.3100,7,68928.0000,56,B,12.3000,12.2900,12.2800,12.2700,12.2600,12.3100,12.3200,12.3300,12.3400,12.3500,533,136,185,344,1095,452,2101,1836,2323,3454
SZ,000001,2019-06-03 09:47:24,12.3100,9,408688.0000,332,B,12.3000,12.2900,12.2800,12.2700,12.2600,12.3100,12.3200,12.3300,12.3400,12.3500,520,151,194,344,1095,151,2119,2196,2323,3449
SZ,000001,2019-06-03 09:47:27,12.3200,27,566432.0000,460,B,12.3100,12.3000,12.2900,12.2800,12.2700,12.3200,12.3300,12.3400,12.3500,12.3600,76,517,151,194,344,2001,2268,2323,3444,1557
SZ,000001,2019-06-03 09:47:30,12.3100,5,32016.0000,26,S,12.3100,12.3000,12.2900,12.2800,12.2700,12.3200,12.3300,12.3400,12.3500,12.3600,446,557,161,194,345,1991,2268,2323,3444,1562
SZ,000001,2019-06-03 09:47:33,12.3100,14,173584.0000,141,S,12.3100,12.3000,12.2900,12.2800,12.2700,12.3200,12.3300,12.3400,12.3500,12.3600,352,583,161,194,345,1956,2268,2323,3444,1562
SZ,000001,2019-06-03 09:47:36,12.3100,7,204336.0000,166,S,12.3100,12.3000,12.2900,12.2800,12.2700,12.3200,12.3300,12.3400,12.3500,12.3600,531,474,161,209,345,2155,2252,2323,3444,1572
SZ,000001,2019-06-03 09:47:39,12.3100,14,826000.0000,671,S,12.3000,12.2900,12.2800,12.2700,12.2600,12.3100,12.3200,12.3300,12.3400,12.3500,496,161,209,345,1098,1077,2157,2267,2323,3444
SZ,000001,2019-06-03 09:47:42,12.3100,6,156352.0000,127,B,12.3000,12.2900,12.2800,12.2700,12.2600,12.3100,12.3200,12.3300,12.3400,12.3500,497,161,209,345,1098,1607,2165,2267,2323,3444
SZ,000001,2019-06-03 09:47:45,12.3100,52,2611376.0000,2121,B,12.3000,12.2900,12.2800,12.2700,12.2600,12.3100,12.3200,12.3300,12.3400,12.3500,495,161,219,345,1098,197,2021,2267,2323,3454
SZ,000001,2019-06-03 09:47:48,12.3000,4,158928.0000,130,S,12.3000,12.2900,12.2800,12.2700,12.2600,12.3100,12.3200,12.3300,12.3400,12.3500,479,161,219,345,1108,175,1674,2267,2323,3454
SZ,000001,2019-06-03 09:47:51,12.3100,9,220352.0000,179,B,12.3000,12.2900,12.2800,12.2700,12.2600,12.3100,12.3200,12.3300,12.3400,12.3500,634,161,219,345,1108,185,1566,2296,2323,3469
SZ,000001,2019-06-03 09:47:54,12.3000,17,352016.0000,286,S,12.3000,12.2900,12.2800,12.2700,12.2600,12.3100,12.3200,12.3300,12.3400,12.3500,592,161,219,345,1108,358,1565,2291,2423,3469
SZ,000001,2019-06-03 09:47:57,12.3100,33,1231648.0000,1001,B,12.3000,12.2900,12.2800,12.2700,12.2600,12.3100,12.3200,12.3300,12.3400,12.3500,1,161,219,345,1108,364,2306,2304,2423,3469
SZ,000001,2019-06-03 09:48:00,12.3000,13,78608.0000,63,S,12.3000,12.2900,12.2800,12.2700,12.2600,12.3100,12.3200,12.3300,12.3400,12.3500,9,161,219,345,1118,446,2306,2306,2423,3489
SZ,000001,2019-06-03 09:48:03,12.3100,8,100896.0000,82,B,12.2900,12.2800,12.2700,12.2600,12.2500,12.3100,12.3200,12.3300,12.3400,12.3500,161,224,345,1118,1510,408,2336,2276,2423,3591
SZ,000001,2019-06-03 09:48:06,12.3000,24,695472.0000,565,S,12.2900,12.2800,12.2700,12.2600,12.2500,12.3000,12.3100,12.3200,12.3300,12.3400,162,224,345,1118,1510,67,572,2436,2291,2423
SZ,000001,2019-06-03 09:48:09,12.3000,9,142656.0000,116,B,12.3000,12.2900,12.2800,12.2700,12.2600,12.3100,12.3200,12.3300,12.3400,12.3500,168,179,224,345,1118,588,2498,2290,2423,3581
SZ,000001,2019-06-03 09:48:12,12.3100,11,683344.0000,556,B,12.3000,12.2900,12.2800,12.2700,12.2600,12.3100,12.3200,12.3300,12.3400,12.3500,223,288,224,345,1113,643,2607,2270,2423,3581
SZ,000001,2019-06-03 09:48:15,12.3000,11,341616.0000,277,S,12.2900,12.2800,12.2700,12.2600,12.2500,12.3000,12.3100,12.3200,12.3300,12.3400,278,274,345,1113,1510,320,794,2628,2264,2423
SZ,000001,2019-06-03 09:48:18,12.3000,4,45504.0000,37,B,12.2900,12.2800,12.2700,12.2600,12.2500,12.3000,12.3100,12.3200,12.3300,12.3400,346,274,349,1113,1510,283,1891,2658,2289,2423
SZ,000001,2019-06-03 09:48:21,12.3000,11,386224.0000,314,B,12.2900,12.2800,12.2700,12.2600,12.2500,12.3000,12.3100,12.3200,12.3300,12.3400,490,277,349,1113,1510,66,1984,2655,2159,2403
SZ,000001,2019-06-03 09:48:24,12.3000,10,97488.0000,80,B,12.3000,12.2900,12.2800,12.2700,12.2600,12.3100,12.3200,12.3300,12.3400,12.3500,111,487,277,349,1113,2260,2606,2159,2403,3617
SZ,000001,2019-06-03 09:48:27,12.3000,7,125472.0000,102,S,12.3000,12.2900,12.2800,12.2700,12.2600,12.3100,12.3200,12.3300,12.3400,12.3500,19,454,277,349,1113,2398,2591,2159,2403,3617
SZ,000001,2019-06-03 09:48:30,12.3000,18,411744.0000,335,S,12.2900,12.2800,12.2700,12.2600,12.2500,12.3000,12.3100,12.3200,12.3300,12.3400,174,280,349,1113,1510,65,3497,2591,2155,2403
SZ,000001,2019-06-03 09:48:33,12.2900,20,279424.0000,227,S,12.2900,12.2800,12.2700,12.2600,12.2500,12.3000,12.3100,12.3200,12.3300,12.3400,142,280,349,1113,1510,539,3423,2591,2155,2403
SZ,000001,2019-06-03 09:48:36,12.3000,4,18432.0000,15,B,12.2900,12.2800,12.2700,12.2600,12.2500,12.3000,12.3100,12.3200,12.3300,12.3400,231,280,349,1113,1517,574,3502,2585,2045,2461
SZ,000001,2019-06-03 09:48:39,12.2900,3,41792.0000,34,S,12.2900,12.2800,12.2700,12.2600,12.2500,12.3000,12.3100,12.3200,12.3300,12.3400,199,280,349,1113,1517,658,3368,2585,2045,2466
SZ,000001,2019-06-03 09:48:42,12.3000,11,236080.0000,192,B,12.2900,12.2800,12.2700,12.2600,12.2500,12.3000,12.3100,12.3200,12.3300,12.3400,322,280,349,1118,1527,665,3441,2585,2030,2466
SZ,000001,2019-06-03 09:48:45,12.3000,4,116752.0000,95,B,12.2900,12.2800,12.2700,12.2600,12.2500,12.3000,12.3100,12.3200,12.3300,12.3400,229,280,319,1118,1527,690,3446,2585,2016,2462
SZ,000001,2019-06-03 09:48:48,12.2900,13,392816.0000,319,S,12.2800,12.2700,12.2600,12.2500,12.2400,12.2900,12.3000,12.3100,12.3200,12.3300,280,319,1118,1527,251,124,854,3449,2585,2016
SZ,000001,2019-06-03 09:48:51,12.2900,3,46672.0000,38,B,12.2800,12.2700,12.2600,12.2500,12.2400,12.2900,12.3000,12.3100,12.3200,12.3300,249,299,1118,1527,251,248,1009,3599,2585,2026
SZ,000001,2019-06-03 09:48:54,12.2900,4,130272.0000,106,B,12.2800,12.2700,12.2600,12.2500,12.2400,12.2900,12.3000,12.3100,12.3200,12.3300,250,299,1118,1537,251,226,1219,3599,2583,2026
SZ,000001,2019-06-03 09:48:57,12.2900,6,13504.0000,11,B,12.2800,12.2700,12.2600,12.2500,12.2400,12.2900,12.3000,12.3100,12.3200,12.3300,280,599,1129,1537,251,278,1249,3414,2641,2076
SZ,000001,2019-06-03 09:49:00,12.2900,15,88448.0000,72,B,12.2800,12.2700,12.2600,12.2500,12.2400,12.2900,12.3000,12.3100,12.3200,12.3300,245,599,1129,1497,251,276,1583,3439,2656,2045
SZ,000001,2019-06-03 09:49:03,12.2900,35,475408.0000,387,B,12.2800,12.2700,12.2600,12.2500,12.2400,12.2900,12.3000,12.3100,12.3200,12.3300,23,599,1129,1499,251,111,2102,3439,2644,2037
SZ,000001,2019-06-03 09:49:06,12.2900,18,412000.0000,336,B,12.2900,12.2800,12.2700,12.2600,12.2500,12.3000,12.3100,12.3200,12.3300,12.3400,174,56,743,1129,1499,2134,3444,2775,2037,2462
SZ,000001,2019-06-03 09:49:09,12.3000,11,186848.0000,152,B,12.2900,12.2800,12.2700,12.2600,12.2500,12.3000,12.3100,12.3200,12.3300,12.3400,71,56,743,1129,1499,2063,3434,2791,2037,2472
SZ,000001,2019-06-03 09:49:12,12.2900,8,217680.0000,177,S,12.2900,12.2800,12.2700,12.2600,12.2500,12.3000,12.3100,12.3200,12.3300,12.3400,196,56,742,1129,1499,1921,3434,4447,2037,2472
SZ,000001,2019-06-03 09:49:15,12.2900,9,210176.0000,171,S,12.2900,12.2800,12.2700,12.2600,12.2500,12.3000,12.3100,12.3200,12.3300,12.3400,125,64,742,1129,1499,2126,3444,4447,2042,2494
SZ,000001,2019-06-03 09:49:18,12.2900,5,41824.0000,34,S,12.2900,12.2800,12.2700,12.2600,12.2500,12.3000,12.3100,12.3200,12.3300,12.3400,215,155,742,1144,1499,2263,3514,4447,2042,2498
SZ,000001,2019-06-03 09:49:21,12.3000,20,216304.0000,176,B,12.2900,12.2800,12.2700,12.2600,12.2500,12.3000,12.3100,12.3200,12.3300,12.3400,55,170,742,1144,1499,2304,3516,4447,1930,2488
SZ,000001,2019-06-03 09:49:24,12.3000,10,212256.0000,172,B,12.2800,12.2700,12.2600,12.2500,12.2400,12.2900,12.3000,12.3100,12.3200,12.3300,175,742,1140,1499,251,17,2248,3516,4447,1930
SZ,000001,2019-06-03 09:49:27,12.2800,8,105632.0000,86,S,12.2800,12.2700,12.2600,12.2500,12.2400,12.2900,12.3000,12.3100,12.3200,12.3300,318,742,1140,1499,251,50,2225,3507,4443,1930
SZ,000001,2019-06-03 09:49:30,12.2900,2,2464.0000,2,B,12.2800,12.2700,12.2600,12.2500,12.2400,12.2900,12.3000,12.3100,12.3200,12.3300,318,742,1140,1499,251,127,2459,3458,4307,1962
SZ,000001,2019-06-03 09:49:33,12.2800,15,206448.0000,168,S,12.2800,12.2700,12.2600,12.2500,12.2400,12.2900,12.3000,12.3100,12.3200,12.3300,455,598,1140,1499,251,16,2472,3458,4307,1962
SZ,000001,2019-06-03 09:49:36,12.2800,9,86000.0000,70,S,12.2800,12.2700,12.2600,12.2500,12.2400,12.2900,12.3000,12.3100,12.3200,12.3300,542,598,1140,1499,243,27,2487,3478,4321,1962
SZ,000001,2019-06-03 09:49:39,12.2800,7,57712.0000,47,S,12.2800,12.2700,12.2600,12.2500,12.2400,12.2900,12.3000,12.3100,12.3200,12.3300,499,598,1140,1499,243,133,2579,3483,4326,1962
SZ,000001,2019-06-03 09:49:42,12.2900,8,108080.0000,88,B,12.2800,12.2700,12.2600,12.2500,12.2400,12.2900,12.3000,12.3100,12.3200,12.3300,509,598,1140,1499,243,220,2621,3483,4370,1962
SZ,000001,2019-06-03 09:49:45,12.2900,5,34416.0000,28,B,12.2800,12.2700,12.2600,12.2500,12.2400,12.2900,12.3000,12.3100,12.3200,12.3300,430,598,1130,1502,243,2251,2582,3494,4428,1962
SZ,000001,2019-06-03 09:49:48,12.2800,9,92144.0000,75,S,12.2800,12.2700,12.2600,12.2500,12.2400,12.2900,12.3000,12.3100,12.3200,12.3300,470,598,1130,1502,243,2231,2582,3487,4428,1962
SZ,000001,2019-06-03 09:49:51,12.2900,6,84736.0000,69,B,12.2800,12.2700,12.2600,12.2500,12.2400,12.2900,12.3000,12.3100,12.3200,12.3300,412,650,1130,1502,243,2431,2513,3890,4428,1962
SZ,000001,2019-06-03 09:49:54,12.2900,8,200432.0000,164,B,12.2800,12.2700,12.2600,12.2500,12.2400,12.2900,12.3000,12.3100,12.3200,12.3300,387,650,1130,1492,243,2333,2605,3890,4478,1962
SZ,000001,2019-06-03 09:49:57,12.2900,5,74928.0000,61,B,12.2800,12.2700,12.2600,12.2500,12.2400,12.2900,12.3000,12.3100,12.3200,12.3300,364,650,1030,1492,243,2392,2621,3889,4458,1962
SZ,000001,2019-06-03 09:50:00,12.2900,15,375808.0000,306,B,12.2800,12.2700,12.2600,12.2500,12.2400,12.2900,12.3000,12.3100,12.3200,12.3300,93,650,1030,1492,243,2425,2582,3880,4458,1950
SZ,000001,2019-06-03 09:50:03,12.2800,13,136144.0000,110,S,12.2700,12.2600,12.2500,12.2400,12.2300,12.2800,12.2900,12.3000,12.3100,12.3200,657,1030,1492,243,758,282,2545,2810,3860,4458
SZ,000001,2019-06-03 09:50:06,12.2800,15,405408.0000,331,B,12.2800,12.2700,12.2600,12.2500,12.2400,12.2900,12.3000,12.3100,12.3200,12.3300,95,657,1030,1492,243,2539,2910,3860,4458,1877
SZ,000001,2019-06-03 09:50:09,12.2900,4,83568.0000,68,B,12.2800,12.2700,12.2600,12.2500,12.2400,12.2900,12.3000,12.3100,12.3200,12.3300,128,657,1030,1492,253,2814,2908,3860,4458,1886
SZ,000001,2019-06-03 09:50:12,12.2900,8,254304.0000,207,B,12.2800,12.2700,12.2600,12.2500,12.2400,12.2900,12.3000,12.3100,12.3200,12.3300,156,681,1030,1492,253,2817,3089,3860,4484,1881
SZ,000001,2019-06-03 09:50:15,12.2800,14,364720.0000,297,S,12.2800,12.2700,12.2600,12.2500,12.2400,12.2900,12.3000,12.3100,12.3200,12.3300,162,686,1030,1494,253,2841,3089,3853,4485,1881
SZ,000001,2019-06-03 09:50:18,12.2800,4,52816.0000,43,S,12.2800,12.2700,12.2600,12.2500,12.2400,12.2900,12.3000,12.3100,12.3200,12.3300,211,686,1030,1494,293,2838,3066,3853,4480,1881
SZ,000001,2019-06-03 09:50:21,12.2900,7,228432.0000,186,B,12.2800,12.2700,12.2600,12.2500,12.2400,12.2900,12.3000,12.3100,12.3200,12.3300,55,736,1030,1504,293,2829,2930,3853,4480,1873
SZ,000001,2019-06-03 09:50:24,12.2800,11,255408.0000,207,S,12.2700,12.2600,12.2500,12.2400,12.2300,12.2800,12.2900,12.3000,12.3100,12.3200,736,1030,1504,293,748,65,2680,2837,3853,4480
SZ,000001,2019-06-03 09:50:27,12.2800,2,2464.0000,2,B,12.2700,12.2600,12.2500,12.2400,12.2300,12.2800,12.2900,12.3000,12.3100,12.3200,785,1030,1504,253,748,96,2739,2845,3853,4497
SZ,000001,2019-06-03 09:50:30,12.2800,12,302240.0000,247,B,12.2800,12.2700,12.2600,12.2500,12.2400,12.2900,12.3000,12.3100,12.3200,12.3300,164,887,1030,1504,253,2749,2864,3853,4497,1849
SZ,000001,2019-06-03 09:50:33,12.2900,12,211072.0000,171,B,12.2800,12.2700,12.2600,12.2500,12.2400,12.2900,12.3000,12.3100,12.3200,12.3300,9,887,1030,1504,253,2746,2872,3853,4507,1850
SZ,000001,2019-06-03 09:50:36,12.2800,8,83472.0000,68,S,12.2700,12.2600,12.2500,12.2400,12.2300,12.2900,12.3000,12.3100,12.3200,12.3300,993,1030,1504,253,749,2738,2851,3853,4507,1850
SZ,000001,2019-06-03 09:50:39,12.2700,13,374816.0000,305,S,12.2700,12.2600,12.2500,12.2400,12.2300,12.2800,12.2900,12.3000,12.3100,12.3200,988,1030,1504,281,769,36,2444,2957,3853,4507
SZ,000001,2019-06-03 09:50:42,12.2700,14,229664.0000,187,S,12.2700,12.2600,12.2500,12.2400,12.2300,12.2800,12.2900,12.3000,12.3100,12.3200,1103,1030,1504,281,769,34,2497,2933,3853,4507
SZ,000001,2019-06-03 09:50:45,12.2800,4,67552.0000,55,B,12.2800,12.2700,12.2600,12.2500,12.2400,12.2900,12.3000,12.3100,12.3200,12.3300,953,1103,1027,1504,281,2547,2933,3853,2861,1930
SZ,000001,2019-06-03 09:50:48,12.2800,14,400432.0000,326,S,12.2800,12.2700,12.2600,12.2500,12.2400,12.2900,12.3000,12.3100,12.3200,12.3300,814,976,1035,1505,273,3273,2933,3863,2873,1930
SZ,000001,2019-06-03 09:50:51,12.2900,6,29488.0000,24,B,12.2800,12.2700,12.2600,12.2500,12.2400,12.2900,12.3000,12.3100,12.3200,12.3300,864,976,1035,1505,273,3200,2925,3863,2873,1937
SZ,000001,2019-06-03 09:50:54,12.2800,13,508528.0000,414,S,12.2800,12.2700,12.2600,12.2500,12.2400,12.2900,12.3000,12.3100,12.3200,12.3300,582,927,1035,1505,273,3068,2996,3878,2892,1937
SZ,000001,2019-06-03 09:50:57,12.2900,7,33168.0000,27,B,12.2800,12.2700,12.2600,12.2500,12.2400,12.2900,12.3000,12.3100,12.3200,12.3300,568,927,1035,1505,273,4703,2977,3878,2932,1937
SZ,000001,2019-06-03 09:51:00,12.2900,5,24560.0000,20,B,12.2800,12.2700,12.2600,12.2500,12.2400,12.2900,12.3000,12.3100,12.3200,12.3300,591,1352,1035,1505,273,4832,3075,3878,2947,1937
SZ,000001,2019-06-03 09:51:03,12.2900,9,67552.0000,55,B,12.2800,12.2700,12.2600,12.2500,12.2400,12.2900,12.3000,12.3100,12.3200,12.3300,550,1352,1035,1505,273,4780,3074,3878,3197,1937
SZ,000001,2019-06-03 09:51:06,12.2900,10,141248.0000,115,B,12.2800,12.2700,12.2600,12.2500,12.2400,12.2900,12.3000,12.3100,12.3200,12.3300,470,1352,1035,1505,273,4941,3049,3863,3198,1859
SZ,000001,2019-06-03 09:51:09,12.2900,9,185504.0000,151,B,12.2800,12.2700,12.2600,12.2500,12.2400,12.2900,12.3000,12.3100,12.3200,12.3300,394,1352,1099,1505,273,4945,3052,3863,3198,1859
SZ,000001,2019-06-03 09:51:12,12.2900,9,314560.0000,256,B,12.2800,12.2700,12.2600,12.2500,12.2400,12.2900,12.3000,12.3100,12.3200,12.3300,319,1352,1108,1505,273,4768,3000,3863,3198,1859
SZ,000001,2019-06-03 09:51:15,12.2900,8,271408.0000,221,B,12.2800,12.2700,12.2600,12.2500,12.2400,12.2900,12.3000,12.3100,12.3200,12.3300,115,1346,1108,1505,273,4716,3011,3873,3198,1899
SZ,000001,2019-06-03 09:51:18,12.2900,12,170768.0000,139,B,12.2800,12.2700,12.2600,12.2500,12.2400,12.2900,12.3000,12.3100,12.3200,12.3300,96,1380,1108,1505,273,4751,3011,3883,3198,1886
SZ,000001,2019-06-03 09:51:21,12.2800,10,124032.0000,101,S,12.2700,12.2600,12.2500,12.2400,12.2300,12.2800,12.2900,12.3000,12.3100,12.3200,1380,1108,1507,273,769,23,4709,3079,3883,3198
SZ,000001,2019-06-03 09:51:24,12.2800,7,165776.0000,135,B,12.2700,12.2600,12.2500,12.2400,12.2300,12.2800,12.2900,12.3000,12.3100,12.3200,1380,1114,1507,273,769,170,4760,3082,3883,3198
SZ,000001,2019-06-03 09:51:27,12.2900,37,2472448.0000,2012,B,12.2800,12.2700,12.2600,12.2500,12.2400,12.2900,12.3000,12.3100,12.3200,12.3300,2,1490,1120,1507,273,3042,3105,3874,3198,1886
SZ,000001,2019-06-03 09:51:30,12.2800,6,22112.0000,18,S,12.2700,12.2600,12.2500,12.2400,12.2300,12.2800,12.2900,12.3000,12.3100,12.3200,1788,1120,1507,273,830,88,3042,3105,3874,3198
SZ,000001,2019-06-03 09:51:33,12.2800,7,49120.0000,40,B,12.2700,12.2600,12.2500,12.2400,12.2300,12.2800,12.2900,12.3000,12.3100,12.3200,1788,1120,1507,273,830,66,3042,3087,3874,3198
SZ,000001,2019-06-03 09:51:36,12.2800,6,42960.0000,35,B,12.2700,12.2600,12.2500,12.2400,12.2300,12.2800,12.2900,12.3000,12.3100,12.3200,1793,1120,1507,273,830,114,2992,3072,3874,3198
SZ,000001,2019-06-03 09:51:39,12.2800,10,111760.0000,91,B,12.2700,12.2600,12.2500,12.2400,12.2300,12.2800,12.2900,12.3000,12.3100,12.3200,1793,1120,1507,273,830,371,2992,3090,3874,3067
SZ,000001,2019-06-03 09:51:42,12.2800,18,2093664.0000,1705,B,12.2700,12.2600,12.2500,12.2400,12.2300,12.2800,12.2900,12.3000,12.3100,12.3200,1728,1120,1507,273,830,1275,3174,3115,3874,3067
SZ,000001,2019-06-03 09:51:45,12.2700,25,336432.0000,275,S,12.2700,12.2600,12.2500,12.2400,12.2300,12.2800,12.2900,12.3000,12.3100,12.3200,1462,1120,1507,273,830,581,3174,3120,3874,3067
SZ,000001,2019-06-03 09:51:48,12.2800,10,357072.0000,291,B,12.2700,12.2600,12.2500,12.2400,12.2300,12.2800,12.2900,12.3000,12.3100,12.3200,1178,1120,1507,273,830,1806,3287,3097,3874,3067
SZ,000001,2019-06-03 09:51:51,12.2800,16,202560.0000,165,B,12.2700,12.2600,12.2500,12.2400,12.2300,12.2800,12.2900,12.3000,12.3100,12.3200,1126,1120,1507,273,830,1718,3287,3115,3874,3017
SZ,000001,2019-06-03 09:51:54,12.2800,13,781616.0000,637,B,12.2700,12.2600,12.2500,12.2400,12.2300,12.2800,12.2900,12.3000,12.3100,12.3200,517,1120,1507,273,831,2551,3287,3108,3874,3015
SZ,000001,2019-06-03 09:51:57,12.2800,13,445424.0000,363,B,12.2700,12.2600,12.2500,12.2400,12.2300,12.2800,12.2900,12.3000,12.3100,12.3200,264,1120,1507,273,831,2814,3252,3176,3874,3015
SZ,000001,2019-06-03 09:52:00,12.2700,5,45424.0000,37,S,12.2700,12.2600,12.2500,12.2400,12.2300,12.2800,12.2900,12.3000,12.3100,12.3200,254,1121,1507,273,831,2893,3252,3176,3874,3025
SZ,000001,2019-06-03 09:52:03,12.2700,15,283440.0000,231,S,12.2700,12.2600,12.2500,12.2400,12.2300,12.2800,12.2900,12.3000,12.3100,12.3200,36,1121,1507,273,831,2670,3252,3178,3874,2981
SZ,000001,2019-06-03 09:52:06,12.2700,6,33136.0000,27,S,12.2600,12.2500,12.2400,12.2300,12.2200,12.2700,12.2800,12.2900,12.3000,12.3100,1121,1507,273,831,1682,143,2683,3222,3203,3884
SZ,000001,2019-06-03 09:52:09,12.2700,3,6128.0000,5,B,12.2600,12.2500,12.2400,12.2300,12.2200,12.2700,12.2800,12.2900,12.3000,12.3100,1138,1507,273,831,1682,1080,2639,1626,3203,3881
SZ,000001,2019-06-03 09:52:12,12.2700,10,197552.0000,161,B,12.2600,12.2500,12.2400,12.2300,12.2200,12.2700,12.2800,12.2900,12.3000,12.3100,1255,1502,273,831,1682,923,2744,1626,3203,3886
SZ,000001,2019-06-03 09:52:15,12.2700,6,19616.0000,16,B,12.2600,12.2500,12.2400,12.2300,12.2200,12.2700,12.2800,12.2900,12.3000,12.3100,1248,1502,293,831,1682,954,2744,1626,3200,3886
SZ,000001,2019-06-03 09:52:18,12.2600,8,79712.0000,65,S,12.2600,12.2500,12.2400,12.2300,12.2200,12.2700,12.2800,12.2900,12.3000,12.3100,1191,1504,293,836,1682,1098,2985,1551,3200,3886
SZ,000001,2019-06-03 09:52:21,12.2700,9,62528.0000,51,B,12.2600,12.2500,12.2400,12.2300,12.2200,12.2700,12.2800,12.2900,12.3000,12.3100,1151,1504,293,836,1682,1087,4631,1551,3165,3896
SZ,000001,2019-06-03 09:52:24,12.2700,6,39232.0000,32,B,12.2600,12.2500,12.2400,12.2300,12.2200,12.2700,12.2800,12.2900,12.3000,12.3100,1223,1504,283,836,1682,1094,4558,1551,3160,3896
SZ,000001,2019-06-03 09:52:27,12.2700,4,4912.0000,4,B,12.2600,12.2500,12.2400,12.2300,12.2200,12.2700,12.2800,12.2900,12.3000,12.3100,1223,1504,283,836,1703,1121,4558,1571,2949,3896
SZ,000001,2019-06-03 09:52:30,12.2700,10,200000.0000,163,B,12.2600,12.2500,12.2400,12.2300,12.2200,12.2700,12.2800,12.2900,12.3000,12.3100,1223,1504,283,848,1703,1067,4557,1571,2979,3896
SZ,000001,2019-06-03 09:52:33,12.2600,8,627728.0000,512,S,12.2600,12.2500,12.2400,12.2300,12.2200,12.2700,12.2800,12.2900,12.3000,12.3100,726,1504,297,967,1703,1068,3239,1458,2984,3920
SZ,000001,2019-06-03 09:52:36,12.2700,3,4896.0000,4,B,12.2600,12.2500,12.2400,12.2300,12.2200,12.2700,12.2800,12.2900,12.3000,12.3100,726,1504,297,967,1703,1108,3253,1458,2994,3899
SZ,000001,2019-06-03 09:52:39,12.2600,7,71120.0000,58,S,12.2600,12.2500,12.2400,12.2300,12.2200,12.2700,12.2800,12.2900,12.3000,12.3100,679,1495,304,967,1703,1117,3269,1458,2994,3899
SZ,000001,2019-06-03 09:52:42,12.2700,8,122624.0000,100,B,12.2600,12.2500,12.2400,12.2300,12.2200,12.2700,12.2800,12.2900,12.3000,12.3100,627,1495,309,967,1703,1107,3269,1430,2997,3834
SZ,000001,2019-06-03 09:52:45,12.2700,16,326128.0000,266,B,12.2600,12.2500,12.2400,12.2300,12.2200,12.2700,12.2800,12.2900,12.3000,12.3100,372,1495,309,967,1703,1101,3282,1430,2990,3834
SZ,000001,2019-06-03 09:52:48,12.2700,25,599824.0000,489,B,12.2600,12.2500,12.2400,12.2300,12.2200,12.2700,12.2800,12.2900,12.3000,12.3100,1187,1618,309,1067,1703,1031,3272,1396,2995,3824
SZ,000001,2019-06-03 09:52:51,12.2700,10,211008.0000,172,B,12.2600,12.2500,12.2400,12.2300,12.2200,12.2700,12.2800,12.2900,12.3000,12.3100,1259,1318,309,1067,1703,2205,3272,1396,2738,3884
SZ,000001,2019-06-03 09:52:54,12.2700,3,6128.0000,5,B,12.2600,12.2500,12.2400,12.2300,12.2200,12.2700,12.2800,12.2900,12.3000,12.3100,1359,1318,339,1067,1703,2161,3272,1401,2738,3696
SZ,000001,2019-06-03 09:52:57,12.2600,13,353088.0000,288,S,12.2600,12.2500,12.2400,12.2300,12.2200,12.2700,12.2800,12.2900,12.3000,12.3100,1076,1318,341,1067,1703,2165,3257,1411,2744,3696
SZ,000001,2019-06-03 09:53:00,12.2700,6,158160.0000,129,B,12.2600,12.2500,12.2400,12.2300,12.2200,12.2700,12.2800,12.2900,12.3000,12.3100,963,1317,375,1067,1703,2161,3248,1311,2754,3696
SZ,000001,2019-06-03 09:53:03,12.2700,12,179008.0000,146,B,12.2600,12.2500,12.2400,12.2300,12.2200,12.2700,12.2800,12.2900,12.3000,12.3100,929,1317,375,1067,1703,2162,3224,1512,2554,3696
SZ,000001,2019-06-03 09:53:06,12.2700,11,104208.0000,85,B,12.2600,12.2500,12.2400,12.2300,12.2200,12.2700,12.2800,12.2900,12.3000,12.3100,852,1317,375,1077,1703,2152,3224,1512,2549,3696
SZ,000001,2019-06-03 09:53:09,12.2700,6,69888.0000,57,B,12.2600,12.2500,12.2400,12.2300,12.2200,12.2700,12.2800,12.2900,12.3000,12.3100,816,1317,375,1077,1703,2370,3249,1462,2548,3696
SZ,000001,2019-06-03 09:53:12,12.2700,4,80928.0000,66,B,12.2600,12.2500,12.2400,12.2300,12.2200,12.2700,12.2800,12.2900,12.3000,12.3100,756,1335,375,1077,1703,2431,3235,1462,2578,3696
SZ,000001,2019-06-03 09:53:15,12.2700,8,142224.0000,116,B,12.2600,12.2500,12.2400,12.2300,12.2200,12.2700,12.2800,12.2900,12.3000,12.3100,646,1335,351,1077,1703,2448,3235,1462,2578,3686
SZ,000001,2019-06-03 09:53:18,12.2700,9,155744.0000,127,B,12.2600,12.2500,12.2400,12.2300,12.2200,12.2700,12.2800,12.2900,12.3000,12.3100,573,1435,361,1073,1703,2398,3145,1452,2578,3686
SZ,000001,2019-06-03 09:53:21,12.2700,9,192624.0000,157,B,12.2600,12.2500,12.2400,12.2300,12.2200,12.2700,12.2800,12.2900,12.3000,12.3100,555,1435,361,1073,1703,2266,3145,1452,2483,3686
SZ,000001,2019-06-03 09:53:24,12.2700,6,22064.0000,18,B,12.2600,12.2500,12.2400,12.2300,12.2200,12.2700,12.2800,12.2900,12.3000,12.3100,547,1435,661,1073,1703,2252,3136,1452,2513,3685
SZ,000001,2019-06-03 09:53:27,12.2700,5,66208.0000,54,B,12.2600,12.2500,12.2400,12.2300,12.2200,12.2700,12.2800,12.2900,12.3000,12.3100,497,1449,661,1073,1703,2268,3156,1452,2513,3675
SZ,000001,2019-06-03 09:53:30,12.2700,7,147232.0000,120,B,12.2600,12.2500,12.2400,12.2300,12.2200,12.2700,12.2800,12.2900,12.3000,12.3100,718,1449,661,1073,1703,2246,3145,1432,2513,3675
SZ,000001,2019-06-03 09:53:33,12.2700,10,193712.0000,158,B,12.2600,12.2500,12.2400,12.2300,12.2200,12.2700,12.2800,12.2900,12.3000,12.3100,617,1449,661,1073,1703,2239,3145,1432,2513,3675
SZ,000001,2019-06-03 09:53:36,12.2700,5,18400.0000,15,B,12.2600,12.2500,12.2400,12.2300,12.2200,12.2700,12.2800,12.2900,12.3000,12.3100,638,1449,661,1073,1703,2242,3345,1432,2531,3675
SZ,000001,2019-06-03 09:53:39,12.2700,4,29440.0000,24,B,12.2600,12.2500,12.2400,12.2300,12.2200,12.2700,12.2800,12.2900,12.3000,12.3100,1183,1449,661,1208,1703,2223,3345,1432,2531,3673
SZ,000001,2019-06-03 09:53:42,12.2600,10,96912.0000,79,S,12.2600,12.2500,12.2400,12.2300,12.2200,12.2700,12.2800,12.2900,12.3000,12.3100,1462,1449,661,1208,1703,2149,3345,1432,2531,3657
SZ,000001,2019-06-03 09:53:45,12.2600,8,83376.0000,68,S,12.2600,12.2500,12.2400,12.2300,12.2200,12.2700,12.2800,12.2900,12.3000,12.3100,1425,1449,661,1208,1703,2245,3339,1432,2500,3660
SZ,000001,2019-06-03 09:53:48,12.2700,16,365648.0000,298,B,12.2600,12.2500,12.2400,12.2300,12.2200,12.2700,12.2800,12.2900,12.3000,12.3100,1425,1449,661,1208,1703,1967,3339,1414,2500,3660
SZ,000001,2019-06-03 09:53:51,12.2700,7,206080.0000,168,B,12.2600,12.2500,12.2400,12.2300,12.2200,12.2700,12.2800,12.2900,12.3000,12.3100,1371,1449,661,1208,1693,1825,3324,1414,2460,3666
SZ,000001,2019-06-03 09:53:54,12.2700,4,17184.0000,14,B,12.2600,12.2500,12.2400,12.2300,12.2200,12.2700,12.2800,12.2900,12.3000,12.3100,1379,1349,661,1213,1693,1812,3324,1410,2460,3666
SZ,000001,2019-06-03 09:53:57,12.2700,7,38032.0000,31,B,12.2600,12.2500,12.2400,12.2300,12.2200,12.2700,12.2800,12.2900,12.3000,12.3100,1371,1349,663,1213,1693,1834,3324,1410,2464,3666
SZ,000001,2019-06-03 09:54:00,12.2700,24,516384.0000,421,B,12.2600,12.2500,12.2400,12.2300,12.2200,12.2700,12.2800,12.2900,12.3000,12.3100,1200,1349,663,1213,1693,1611,3324,1410,2464,3666
SZ,000001,2019-06-03 09:54:03,12.2700,13,252720.0000,206,B,12.2600,12.2500,12.2400,12.2300,12.2200,12.2700,12.2800,12.2900,12.3000,12.3100,1167,1359,663,1213,1793,1480,3324,1410,2467,3666
SZ,000001,2019-06-03 09:54:06,12.2700,9,180368.0000,147,B,12.2600,12.2500,12.2400,12.2300,12.2200,12.2700,12.2800,12.2900,12.3000,12.3100,1217,1359,663,1213,1793,1333,3324,1420,2473,3666
SZ,000001,2019-06-03 09:54:09,12.2800,37,1709552.0000,1393,B,12.2700,12.2600,12.2500,12.2400,12.2300,12.2800,12.2900,12.3000,12.3100,12.3200,314,2313,1389,663,1213,3274,1405,2473,3666,3194
SZ,000001,2019-06-03 09:54:12,12.2800,27,713456.0000,581,B,12.2700,12.2600,12.2500,12.2400,12.2300,12.2800,12.2900,12.3000,12.3100,12.3200,190,2312,1389,663,1213,2712,1405,2523,3666,3194
SZ,000001,2019-06-03 09:54:15,12.2800,16,352384.0000,287,B,12.2700,12.2600,12.2500,12.2400,12.2300,12.2800,12.2900,12.3000,12.3100,12.3200,207,2312,1389,663,1213,2495,1405,2533,3666,3194
SZ,000001,2019-06-03 09:54:18,12.2800,31,620080.0000,505,B,12.2700,12.2600,12.2500,12.2400,12.2300,12.2800,12.2900,12.3000,12.3100,12.3200,733,2312,1389,663,1263,2040,1428,2515,3666,3194
SZ,000001,2019-06-03 09:54:21,12.2800,31,2374960.0000,1934,B,12.2700,12.2600,12.2500,12.2400,12.2300,12.2800,12.2900,12.3000,12.3100,12.3200,773,2270,1389,663,1263,123,1428,2515,3666,3194
SZ,000001,2019-06-03 09:54:24,12.2800,15,444752.0000,362,B,12.2800,12.2700,12.2600,12.2500,12.2400,12.2900,12.3000,12.3100,12.3200,12.3300,396,869,2270,1389,663,1201,2495,3666,3201,1987
SZ,000001,2019-06-03 09:54:27,12.2900,12,122912.0000,100,B,12.2800,12.2700,12.2600,12.2500,12.2400,12.2900,12.3000,12.3100,12.3200,12.3300,634,626,2270,1389,663,1096,2495,3661,3201,1981
SZ,000001,2019-06-03 09:54:30,12.2800,16,293728.0000,239,S,12.2800,12.2700,12.2600,12.2500,12.2400,12.2900,12.3000,12.3100,12.3200,12.3300,545,646,2220,1389,663,860,2495,3661,3201,1981
SZ,000001,2019-06-03 09:54:33,12.2900,25,156080.0000,127,B,12.2800,12.2700,12.2600,12.2500,12.2400,12.2900,12.3000,12.3100,12.3200,12.3300,618,646,2220,1389,663,733,2465,3909,3201,1981
SZ,000001,2019-06-03 09:54:36,12.2900,42,913296.0000,743,B,12.2900,12.2800,12.2700,12.2600,12.2500,12.3000,12.3100,12.3200,12.3300,12.3400,179,655,602,2220,1389,2365,3909,3201,1981,2182
SZ,000001,2019-06-03 09:54:39,12.3000,2,3696.0000,3,B,12.2900,12.2800,12.2700,12.2600,12.2500,12.3000,12.3100,12.3200,12.3300,12.3400,292,717,602,2157,1389,2362,3819,3201,1972,2182
SZ,000001,2019-06-03 09:54:42,12.3000,4,9824.0000,8,B,12.2900,12.2800,12.2700,12.2600,12.2500,12.3000,12.3100,12.3200,12.3300,12.3400,406,605,602,2157,1389,2385,3919,3201,1972,2182
SZ,000001,2019-06-03 09:54:45,12.3000,5,81120.0000,66,B,12.2900,12.2800,12.2700,12.2600,12.2500,12.3000,12.3100,12.3200,12.3300,12.3400,349,455,587,2157,1389,2401,3909,3201,1972,2182
SZ,000001,2019-06-03 09:54:48,12.2900,26,696160.0000,566,S,12.2900,12.2800,12.2700,12.2600,12.2500,12.3000,12.3100,12.3200,12.3300,12.3400,320,395,587,2157,1399,1859,3880,3201,1942,2182
SZ,000001,2019-06-03 09:54:51,12.3000,7,154976.0000,126,B,12.2900,12.2800,12.2700,12.2600,12.2500,12.3000,12.3100,12.3200,12.3300,12.3400,315,395,587,2157,1402,1765,3856,3211,1924,2142
SZ,000001,2019-06-03 09:54:54,12.3000,38,826544.0000,672,B,12.2900,12.2800,12.2700,12.2600,12.2500,12.3000,12.3100,12.3200,12.3300,12.3400,299,395,583,2157,1402,1161,3856,3811,1924,2142
SZ,000001,2019-06-03 09:54:57,12.3000,7,67648.0000,55,B,12.2900,12.2800,12.2700,12.2600,12.2500,12.3000,12.3100,12.3200,12.3300,12.3400,311,393,583,2157,1402,1258,3856,3738,1924,2142
SZ,000001,2019-06-03 09:55:00,12.3000,21,554720.0000,451,B,12.2900,12.2800,12.2700,12.2600,12.2500,12.3000,12.3100,12.3200,12.3300,12.3400,294,398,583,2157,1402,1165,3822,3748,2024,2142
SZ,000001,2019-06-03 09:55:03,12.3000,15,143904.0000,117,B,12.2900,12.2800,12.2700,12.2600,12.2500,12.3000,12.3100,12.3200,12.3300,12.3400,294,398,583,2157,1402,1159,3822,3955,2024,2142
SZ,000001,2019-06-03 09:55:06,12.2900,13,244576.0000,199,S,12.2900,12.2800,12.2700,12.2600,12.2500,12.3000,12.3100,12.3200,12.3300,12.3400,108,398,636,2157,1402,1358,3822,3955,2024,2153
SZ,000001,2019-06-03 09:55:09,12.2900,5,35664.0000,29,S,12.2900,12.2800,12.2700,12.2600,12.2500,12.3000,12.3100,12.3200,12.3300,12.3400,265,398,636,2153,1402,1414,3819,3955,2024,2153
SZ,000001,2019-06-03 09:55:12,12.2900,8,81120.0000,66,S,12.2900,12.2800,12.2700,12.2600,12.2500,12.3000,12.3100,12.3200,12.3300,12.3400,206,399,636,2153,1402,1492,3878,3977,2000,2153
SZ,000001,2019-06-03 09:55:15,12.3000,6,31968.0000,26,B,12.2900,12.2800,12.2700,12.2600,12.2500,12.3000,12.3100,12.3200,12.3300,12.3400,187,409,636,2153,1402,1522,3829,3977,2000,2153
SZ,000001,2019-06-03 09:55:18,12.2900,10,28512.0000,23,S,12.2900,12.2800,12.2700,12.2600,12.2500,12.3000,12.3100,12.3200,12.3300,12.3400,195,709,636,1589,1402,1528,3840,3977,2000,2179
SZ,000001,2019-06-03 09:55:21,12.3000,6,140224.0000,114,B,12.2900,12.2800,12.2700,12.2600,12.2500,12.3000,12.3100,12.3200,12.3300,12.3400,196,709,636,1589,1402,1641,3845,3972,1930,2179
SZ,000001,2019-06-03 09:55:24,12.2900,11,111840.0000,91,S,12.2900,12.2800,12.2700,12.2600,12.2500,12.3000,12.3100,12.3200,12.3300,12.3400,109,766,636,1589,1402,1661,3845,3972,1930,2179
SZ,000001,2019-06-03 09:55:27,12.2900,19,190512.0000,155,S,12.2900,12.2800,12.2700,12.2600,12.2500,12.3000,12.3100,12.3200,12.3300,12.3400,79,766,636,1589,1404,1771,3845,3972,1930,2179
SZ,000001,2019-06-03 09:55:30,12.2900,7,57936.0000,47,S,12.2900,12.2800,12.2700,12.2600,12.2500,12.3000,12.3100,12.3200,12.3300,12.3400,168,726,636,1589,1411,3231,3845,3972,1920,2179
SZ,000001,2019-06-03 09:55:33,12.2900,12,298016.0000,243,S,12.2800,12.2700,12.2600,12.2500,12.2400,12.2900,12.3000,12.3100,12.3200,12.3300,700,636,1589,1411,563,25,3739,3835,3972,1920
SZ,000001,2019-06-03 09:55:36,12.2900,9,101952.0000,83,B,12.2800,12.2700,12.2600,12.2500,12.2400,12.2900,12.3000,12.3100,12.3200,12.3300,805,653,1589,1411,563,24,3690,4071,3972,1920
SZ,000001,2019-06-03 09:55:39,12.2900,7,186816.0000,152,B,12.2800,12.2700,12.2600,12.2500,12.2400,12.2900,12.3000,12.3100,12.3200,12.3300,806,653,1589,1411,563,881,3868,4071,3982,1920
SZ,000001,2019-06-03 09:55:42,12.2800,8,224832.0000,183,S,12.2800,12.2700,12.2600,12.2500,12.2400,12.2900,12.3000,12.3100,12.3200,12.3300,739,653,1589,1411,563,786,3998,4029,3985,1920
SZ,000001,2019-06-03 09:55:45,12.2800,7,43152.0000,35,S,12.2800,12.2700,12.2600,12.2500,12.2400,12.2900,12.3000,12.3100,12.3200,12.3300,707,653,1589,1411,563,858,3993,4029,4005,1920
SZ,000001,2019-06-03 09:55:48,12.2900,8,52816.0000,43,B,12.2800,12.2700,12.2600,12.2500,12.2400,12.2900,12.3000,12.3100,12.3200,12.3300,679,653,1589,1411,563,869,4112,4029,4005,1950
SZ,000001,2019-06-03 09:55:51,12.2800,14,437456.0000,356,S,12.2800,12.2700,12.2600,12.2500,12.2400,12.2900,12.3000,12.3100,12.3200,12.3300,779,653,1589,1404,563,855,4130,4029,4005,1950
SZ,000001,2019-06-03 09:55:54,12.2900,3,6144.0000,5,B,12.2800,12.2700,12.2600,12.2500,12.2400,12.2900,12.3000,12.3100,12.3200,12.3300,788,653,1589,1404,563,844,4150,4029,4012,1950
SZ,000001,2019-06-03 09:55:57,12.2900,7,39312.0000,32,B,12.2800,12.2700,12.2600,12.2500,12.2400,12.2900,12.3000,12.3100,12.3200,12.3300,762,663,1589,1404,563,849,2788,4024,4012,1951
SZ,000001,2019-06-03 09:56:00,12.2800,13,83664.0000,68,S,12.2800,12.2700,12.2600,12.2500,12.2400,12.2900,12.3000,12.3100,12.3200,12.3300,716,663,1589,1404,563,916,2799,3814,4022,1975
SZ,000001,2019-06-03 09:56:03,12.2900,7,315712.0000,257,B,12.2800,12.2700,12.2600,12.2500,12.2400,12.2900,12.3000,12.3100,12.3200,12.3300,506,673,1589,1404,563,830,2806,3814,4017,1980
SZ,000001,2019-06-03 09:56:06,12.2900,4,40560.0000,33,B,12.2800,12.2700,12.2600,12.2500,12.2400,12.2900,12.3000,12.3100,12.3200,12.3300,524,673,1589,1404,563,807,2745,3814,4017,1980
SZ,000001,2019-06-03 09:56:09,12.2900,5,178176.0000,145,B,12.2800,12.2700,12.2600,12.2500,12.2400,12.2900,12.3000,12.3100,12.3200,12.3300,505,673,1589,1409,563,696,2714,3814,4017,1980
SZ,000001,2019-06-03 09:56:12,12.2900,11,567344.0000,462,B,12.2800,12.2700,12.2600,12.2500,12.2400,12.2900,12.3000,12.3100,12.3200,12.3300,49,673,1589,1409,563,1231,2704,3803,4017,1980
SZ,000001,2019-06-03 09:56:15,12.2800,12,83200.0000,68,S,12.2700,12.2600,12.2500,12.2400,12.2300,12.2800,12.2900,12.3000,12.3100,12.3200,673,1591,1409,563,1262,20,1713,2704,3803,4017
SZ,000001,2019-06-03 09:56:18,12.2800,8,47904.0000,39,B,12.2700,12.2600,12.2500,12.2400,12.2300,12.2800,12.2900,12.3000,12.3100,12.3200,682,1591,1409,563,1262,41,3033,2714,3803,4007
SZ,000001,2019-06-03 09:56:21,12.2800,9,239440.0000,195,B,12.2700,12.2600,12.2500,12.2400,12.2300,12.2800,12.2900,12.3000,12.3100,12.3200,641,1591,1409,563,1262,210,2992,2763,3811,4017
SZ,000001,2019-06-03 09:56:24,12.2800,5,68768.0000,56,B,12.2700,12.2600,12.2500,12.2400,12.2300,12.2800,12.2900,12.3000,12.3100,12.3200,649,1591,1409,563,1262,203,2995,2768,3882,4017
SZ,000001,2019-06-03 09:56:27,12.2700,14,331552.0000,270,S,12.2700,12.2600,12.2500,12.2400,12.2300,12.2800,12.2900,12.3000,12.3100,12.3200,679,1591,1409,563,1262,83,2995,3644,3882,4017
SZ,000001,2019-06-03 09:56:30,12.2700,11,211120.0000,172,S,12.2700,12.2600,12.2500,12.2400,12.2300,12.2800,12.2900,12.3000,12.3100,12.3200,594,1591,1409,563,1262,36,3006,3660,3882,3975
SZ,000001,2019-06-03 09:56:33,12.2800,7,49120.0000,40,B,12.2700,12.2600,12.2500,12.2400,12.2300,12.2800,12.2900,12.3000,12.3100,12.3200,703,1591,1411,563,1262,151,3006,3743,3882,3975
SZ,000001,2019-06-03 09:56:36,12.2800,6,45440.0000,37,B,12.2700,12.2600,12.2500,12.2400,12.2300,12.2800,12.2900,12.3000,12.3100,12.3200,903,1591,1411,563,1278,1570,2947,3753,3882,3975
SZ,000001,2019-06-03 09:56:39,12.2800,11,174368.0000,142,B,12.2700,12.2600,12.2500,12.2400,12.2300,12.2800,12.2900,12.3000,12.3100,12.3200,896,1591,1416,563,1278,1505,2946,3778,3882,3975
SZ,000001,2019-06-03 09:56:42,12.2800,14,734336.0000,598,B,12.2700,12.2600,12.2500,12.2400,12.2300,12.2800,12.2900,12.3000,12.3100,12.3200,880,1591,1446,580,1278,929,2946,3748,3882,3975
SZ,000001,2019-06-03 09:56:45,12.2800,5,42976.0000,35,B,12.2700,12.2600,12.2500,12.2400,12.2300,12.2800,12.2900,12.3000,12.3100,12.3200,900,1595,1446,580,1278,890,2946,3748,3932,3975
SZ,000001,2019-06-03 09:56:48,12.2800,3,6144.0000,5,B,12.2700,12.2600,12.2500,12.2400,12.2300,12.2800,12.2900,12.3000,12.3100,12.3200,1012,1595,1446,580,1278,908,2946,3824,3932,4048
SZ,000001,2019-06-03 09:56:51,12.2700,7,179424.0000,146,S,12.2700,12.2600,12.2500,12.2400,12.2300,12.2800,12.2900,12.3000,12.3100,12.3200,1032,1595,1446,580,1278,797,2946,3836,4002,4048
SZ,000001,2019-06-03 09:56:54,12.2800,7,77312.0000,63,B,12.2700,12.2600,12.2500,12.2400,12.2300,12.2800,12.2900,12.3000,12.3100,12.3200,1000,1595,1446,580,1278,824,2980,3846,4002,4048
SZ,000001,2019-06-03 09:56:57,12.2800,5,14736.0000,12,B,12.2700,12.2600,12.2500,12.2400,12.2300,12.2800,12.2900,12.3000,12.3100,12.3200,994,1595,1446,580,1278,878,2980,3846,4002,4048
SZ,000001,2019-06-03 09:57:00,12.2800,6,125248.0000,102,B,12.2700,12.2600,12.2500,12.2400,12.2300,12.2800,12.2900,12.3000,12.3100,12.3200,994,1597,1441,580,1278,776,2980,3846,4002,4048
SZ,000001,2019-06-03 09:57:03,12.2700,30,1262144.0000,1029,S,12.2600,12.2500,12.2400,12.2300,12.2200,12.2700,12.2800,12.2900,12.3000,12.3100,1597,1441,580,1291,1938,641,794,2970,3846,4007
SZ,000001,2019-06-03 09:57:06,12.2700,10,793088.0000,646,B,12.2700,12.2600,12.2500,12.2400,12.2300,12.2800,12.2900,12.3000,12.3100,12.3200,736,1649,1441,580,1291,874,3008,3846,4007,4048
SZ,000001,2019-06-03 09:57:09,12.2700,2,9824.0000,8,S,12.2700,12.2600,12.2500,12.2400,12.2300,12.2800,12.2900,12.3000,12.3100,12.3200,837,1649,1442,580,1291,864,3008,3790,4007,4048
SZ,000001,2019-06-03 09:57:12,12.2800,8,514464.0000,419,B,12.2700,12.2600,12.2500,12.2400,12.2300,12.2800,12.2900,12.3000,12.3100,12.3200,819,1649,1442,580,1291,524,2708,3790,4002,4048
SZ,000001,2019-06-03 09:57:15,12.2800,15,99456.0000,81,B,12.2700,12.2600,12.2500,12.2400,12.2300,12.2800,12.2900,12.3000,12.3100,12.3200,819,1659,1442,580,1291,459,2708,3740,4002,4098
SZ,000001,2019-06-03 09:57:18,12.2800,30,571504.0000,465,B,12.2800,12.2700,12.2600,12.2500,12.2400,12.2900,12.3000,12.3100,12.3200,12.3300,636,830,1608,1442,580,2708,3740,4002,4098,2099
SZ,000001,2019-06-03 09:57:21,12.2900,8,104448.0000,85,B,12.2800,12.2700,12.2600,12.2500,12.2400,12.2900,12.3000,12.3100,12.3200,12.3300,753,830,1608,1432,590,2634,3740,4002,4098,2099
SZ,000001,2019-06-03 09:57:24,12.2800,5,98256.0000,80,S,12.2800,12.2700,12.2600,12.2500,12.2400,12.2900,12.3000,12.3100,12.3200,12.3300,697,1330,1608,1432,590,2614,3865,4002,4098,2123
SZ,000001,2019-06-03 09:57:27,12.2800,1,9824.0000,8,S,12.2800,12.2700,12.2600,12.2500,12.2400,12.2900,12.3000,12.3100,12.3200,12.3300,689,1330,1608,1432,590,2614,3865,4002,4103,2123
