市场代码,证券代码,时间,最新价,成交笔数,成交额,成交量,方向,买一价,买二价,买三价,买四价,买五价,卖一价,卖二价,卖三价,卖四价,卖五价,买一量,买二量,买三量,买四量,买五量,卖一量,卖二量,卖三量,卖四量,卖五量
SZ,000001,2019-06-17 09:25:03,12.4800,106,2971488.0000,2381,S,12.4800,12.4700,12.4600,12.4500,12.4400,12.4900,12.5000,12.5100,12.5200,12.5300,301,146,125,181,128,76,28,80,100,16
SZ,000001,2019-06-17 09:30:03,12.4900,83,1653992.0000,1325,B,12.4900,12.4800,12.4700,12.4600,12.4500,12.5100,12.5200,12.5300,12.5400,12.5500,11,553,146,215,211,109,100,118,100,281
SZ,000001,2019-06-17 09:30:06,12.5000,20,108657.0000,87,B,12.4900,12.4800,12.4700,12.4600,12.4500,12.5000,12.5100,12.5200,12.5300,12.5400,2,793,166,215,269,20,126,100,128,100
SZ,000001,2019-06-17 09:30:09,12.5000,2,4999.0000,4,B,12.4900,12.4800,12.4700,12.4600,12.4500,12.5000,12.5100,12.5200,12.5300,12.5400,462,794,24,215,269,20,126,100,128,100
SZ,000001,2019-06-17 09:30:12,12.5100,13,50017.0000,40,B,12.5000,12.4900,12.4800,12.4700,12.4600,12.5100,12.5200,12.5300,12.5400,12.5500,2,483,793,24,215,109,100,128,100,281
SZ,000001,2019-06-17 09:30:15,12.5100,10,235265.0000,188,B,12.5100,12.5000,12.4900,12.4800,12.4700,12.5200,12.5300,12.5400,12.5500,12.5600,9,27,207,793,24,23,128,100,281,94
SZ,000001,2019-06-17 09:30:18,12.5100,4,7509.0000,6,S,12.5100,12.5000,12.4900,12.4800,12.4700,12.5200,12.5300,12.5400,12.5500,12.5600,188,29,37,793,24,23,128,100,281,94
SZ,000001,2019-06-17 09:30:21,12.5300,14,128939.0000,103,B,12.5100,12.5000,12.4900,12.4800,12.4700,12.5300,12.5400,12.5500,12.5600,12.5700,189,29,37,793,20,122,100,281,94,71
SZ,000001,2019-06-17 09:30:24,12.5200,4,21290.0000,17,S,12.5200,12.5100,12.5000,12.4900,12.4800,12.5300,12.5400,12.5500,12.5600,12.5700,315,227,49,37,799,144,100,281,94,71
SZ,000001,2019-06-17 09:30:27,12.5300,9,413180.0000,330,B,12.5200,12.5100,12.5000,12.4900,12.4800,12.5300,12.5400,12.5500,12.5600,12.5700,47,217,49,37,799,136,100,281,94,71
SZ,000001,2019-06-17 09:30:30,12.5200,3,28809.0000,23,S,12.5200,12.5100,12.5000,12.4900,12.4800,12.5300,12.5400,12.5500,12.5600,12.5700,44,217,49,37,799,199,100,281,94,71
SZ,000001,2019-06-17 09:30:33,12.5200,11,150351.0000,120,S,12.5200,12.5100,12.5000,12.4900,12.4800,12.5300,12.5400,12.5500,12.5600,12.5700,164,211,55,36,799,88,100,281,94,71
SZ,000001,2019-06-17 09:30:36,12.5300,8,121527.0000,97,B,12.5200,12.5100,12.5000,12.4900,12.4800,12.5300,12.5400,12.5500,12.5600,12.5700,192,211,55,36,799,5,100,281,94,71
SZ,000001,2019-06-17 09:30:39,12.5400,13,137778.0000,110,B,12.5200,12.5100,12.5000,12.4900,12.4800,12.5400,12.5500,12.5600,12.5700,12.5800,116,211,55,36,799,78,281,94,71,1061
SZ,000001,2019-06-17 09:30:42,12.5400,5,76471.0000,61,B,12.5300,12.5200,12.5100,12.5000,12.4900,12.5400,12.5500,12.5600,12.5700,12.5800,6,115,211,55,36,41,281,94,81,1061
SZ,000001,2019-06-17 09:30:45,12.5400,5,20049.0000,16,B,12.5300,12.5200,12.5100,12.5000,12.4900,12.5400,12.5500,12.5600,12.5700,12.5800,35,115,211,57,36,40,281,94,126,1061
SZ,000001,2019-06-17 09:30:48,12.5300,6,33836.0000,27,S,12.5300,12.5200,12.5100,12.5000,12.4900,12.5400,12.5500,12.5600,12.5700,12.5800,16,248,211,57,36,35,281,94,126,1061
SZ,000001,2019-06-17 09:30:51,12.5400,5,45134.0000,36,B,12.5300,12.5200,12.5100,12.5000,12.4900,12.5400,12.5500,12.5600,12.5700,12.5800,19,245,211,57,36,54,291,94,126,1061
SZ,000001,2019-06-17 09:30:54,12.5400,13,115330.0000,92,B,12.5300,12.5200,12.5100,12.5000,12.4900,12.5400,12.5500,12.5600,12.5700,12.5800,1,244,211,57,36,2,291,94,126,1061
SZ,000001,2019-06-17 09:30:57,12.5300,6,25060.0000,20,S,12.5300,12.5200,12.5100,12.5000,12.4900,12.5400,12.5500,12.5600,12.5700,12.5800,131,245,57,57,36,32,291,94,126,1081
SZ,000001,2019-06-17 09:31:00,12.5400,4,23826.0000,19,B,12.5300,12.5200,12.5100,12.5000,12.4900,12.5400,12.5500,12.5600,12.5700,12.5800,153,250,57,97,36,13,341,94,126,1081
SZ,000001,2019-06-17 09:31:03,12.5300,6,107790.0000,86,S,12.5300,12.5200,12.5100,12.5000,12.4900,12.5400,12.5500,12.5600,12.5700,12.5800,91,250,57,97,36,20,351,94,126,1081
SZ,000001,2019-06-17 09:31:06,12.5400,5,50140.0000,40,B,12.5400,12.5300,12.5200,12.5100,12.5000,12.5500,12.5600,12.5700,12.5800,12.5900,12,108,250,57,97,351,94,126,1081,570
SZ,000001,2019-06-17 09:31:09,12.5400,4,41382.0000,33,S,12.5300,12.5200,12.5100,12.5000,12.4900,12.5400,12.5500,12.5600,12.5700,12.5800,108,250,57,107,36,349,354,94,126,1081
SZ,000001,2019-06-17 09:31:12,12.5300,2,57670.0000,46,S,12.5300,12.5200,12.5100,12.5000,12.4900,12.5400,12.5500,12.5600,12.5700,12.5800,102,391,57,107,36,320,423,94,146,1081
SZ,000001,2019-06-17 09:31:15,12.5400,3,18801.0000,15,B,12.5300,12.5200,12.5100,12.5000,12.4900,12.5400,12.5500,12.5600,12.5700,12.5800,96,391,57,107,36,327,429,89,191,1081
SZ,000001,2019-06-17 09:31:18,12.5400,3,17553.0000,14,B,12.5300,12.5200,12.5100,12.5000,12.4900,12.5400,12.5500,12.5600,12.5700,12.5800,107,391,57,107,36,426,429,95,146,1081
SZ,000001,2019-06-17 09:31:21,12.5300,11,121541.0000,97,S,12.5300,12.5200,12.5100,12.5000,12.4900,12.5400,12.5500,12.5600,12.5700,12.5800,13,391,57,77,36,436,439,95,146,1085
SZ,000001,2019-06-17 09:31:24,12.5300,32,151632.0000,121,S,12.5300,12.5200,12.5100,12.5000,12.4900,12.5400,12.5500,12.5600,12.5700,12.5800,510,391,60,77,37,447,439,95,276,1085
SZ,000001,2019-06-17 09:31:27,12.5500,47,1728544.0000,1378,B,12.5300,12.5200,12.5100,12.5000,12.4900,12.5500,12.5600,12.5700,12.5800,12.5900,320,391,60,77,37,200,95,276,1085,570
SZ,000001,2019-06-17 09:31:30,12.5300,25,536882.0000,428,S,12.5300,12.5200,12.5100,12.5000,12.4900,12.5600,12.5700,12.5800,12.5900,12.6000,249,391,60,77,37,95,516,1085,570,2068
SZ,000001,2019-06-17 09:31:36,12.5400,22,111553.0000,89,B,12.5400,12.5300,12.5200,12.5100,12.5000,12.5500,12.5600,12.5700,12.5800,12.5900,439,289,43,60,77,13,185,826,1085,570
SZ,000001,2019-06-17 09:31:39,12.5400,13,112860.0000,90,S,12.5400,12.5300,12.5200,12.5100,12.5000,12.5500,12.5600,12.5700,12.5800,12.5900,395,248,43,60,79,331,185,826,1095,570
SZ,000001,2019-06-17 09:31:42,12.5400,22,115387.0000,92,S,12.5400,12.5300,12.5200,12.5100,12.5000,12.5500,12.5600,12.5700,12.5800,12.5900,382,115,43,60,79,366,195,835,1095,570
SZ,000001,2019-06-17 09:31:45,12.5400,45,504109.0000,402,S,12.5300,12.5200,12.5100,12.5000,12.4900,12.5400,12.5500,12.5600,12.5700,12.5800,113,43,60,79,37,127,363,195,835,1095
SZ,000001,2019-06-17 09:31:48,12.5300,16,38843.0000,31,S,12.5300,12.5200,12.5100,12.5000,12.4900,12.5400,12.5500,12.5600,12.5700,12.5800,179,43,51,79,37,266,363,195,855,1095
SZ,000001,2019-06-17 09:31:51,12.5300,16,254359.0000,203,S,12.5300,12.5200,12.5100,12.5000,12.4900,12.5400,12.5500,12.5600,12.5700,12.5800,63,43,51,79,237,294,363,195,855,1095
SZ,000001,2019-06-17 09:31:54,12.5200,13,308333.0000,246,S,12.5100,12.5000,12.4900,12.4800,12.4700,12.5200,12.5300,12.5400,12.5500,12.5600,51,79,237,815,5,133,261,133,418,195
SZ,000001,2019-06-17 09:31:57,12.5100,10,70079.0000,56,S,12.5100,12.5000,12.4900,12.4800,12.4700,12.5200,12.5300,12.5400,12.5500,12.5600,9,210,235,301,5,116,90,119,418,242
SZ,000001,2019-06-17 09:32:00,12.5000,15,50038.0000,40,S,12.5000,12.4900,12.4800,12.4700,12.4600,12.5100,12.5200,12.5300,12.5400,12.5500,214,35,301,5,215,2,113,74,174,418
SZ,000001,2019-06-17 09:32:03,12.5000,16,266288.0000,213,S,12.5000,12.4900,12.4800,12.4700,12.4600,12.5100,12.5200,12.5300,12.5400,12.5500,122,28,300,5,215,4,91,113,174,368
SZ,000001,2019-06-17 09:32:06,12.5000,14,23762.0000,19,S,12.5000,12.4900,12.4800,12.4700,12.4600,12.5100,12.5200,12.5300,12.5400,12.5500,229,27,300,5,215,2,14,98,174,323
SZ,000001,2019-06-17 09:32:09,12.5100,17,157504.0000,126,B,12.5000,12.4900,12.4800,12.4700,12.4600,12.5100,12.5200,12.5300,12.5400,12.5500,119,27,300,5,215,7,14,98,174,323
SZ,000001,2019-06-17 09:32:12,12.5000,23,71263.0000,57,S,12.5000,12.4900,12.4800,12.4700,12.4600,12.5200,12.5300,12.5400,12.5500,12.5600,51,27,300,5,215,14,97,184,323,257
SZ,000001,2019-06-17 09:32:15,12.5000,14,112480.0000,90,S,12.5000,12.4900,12.4800,12.4700,12.4600,12.5200,12.5300,12.5400,12.5500,12.5600,25,3,300,5,220,12,97,195,323,257
SZ,000001,2019-06-17 09:32:18,12.5000,7,57516.0000,46,S,12.4900,12.4800,12.4700,12.4600,12.4500,12.5000,12.5200,12.5300,12.5400,12.5500,3,300,25,220,380,285,12,97,195,323
SZ,000001,2019-06-17 09:32:21,12.5000,20,476237.0000,381,B,12.4900,12.4800,12.4700,12.4600,12.4500,12.5000,12.5100,12.5200,12.5300,12.5400,5,359,20,220,396,57,11,11,89,244
SZ,000001,2019-06-17 09:32:24,12.5000,29,216254.0000,173,B,12.4900,12.4800,12.4700,12.4600,12.4500,12.5100,12.5200,12.5300,12.5400,12.5500,49,439,20,220,396,7,11,140,244,323
SZ,000001,2019-06-17 09:32:27,12.5100,8,28786.0000,23,B,12.5100,12.5000,12.4900,12.4800,12.4700,12.5300,12.5400,12.5500,12.5600,12.5700,65,22,142,439,20,139,244,385,257,991
SZ,000001,2019-06-17 09:32:30,12.5000,22,218798.0000,175,S,12.5000,12.4900,12.4800,12.4700,12.4600,12.5300,12.5400,12.5500,12.5600,12.5700,336,142,444,20,220,165,244,385,257,991
SZ,000001,2019-06-17 09:32:33,12.5000,5,13750.0000,11,S,12.5000,12.4900,12.4800,12.4700,12.4600,12.5300,12.5400,12.5500,12.5600,12.5700,471,4,444,20,220,168,269,385,257,991
SZ,000001,2019-06-17 09:32:36,12.5100,6,18758.0000,15,B,12.5100,12.5000,12.4900,12.4800,12.4700,12.5300,12.5400,12.5500,12.5600,12.5700,230,479,112,444,20,174,269,385,247,991
SZ,000001,2019-06-17 09:32:39,12.5100,5,67568.0000,54,S,12.5100,12.5000,12.4900,12.4800,12.4700,12.5300,12.5400,12.5500,12.5600,12.5700,270,381,112,444,20,179,202,385,247,991
SZ,000001,2019-06-17 09:32:42,12.5100,3,18765.0000,15,S,12.5100,12.5000,12.4900,12.4800,12.4700,12.5200,12.5300,12.5400,12.5500,12.5600,255,391,112,439,20,9,179,202,385,247
SZ,000001,2019-06-17 09:32:45,12.5300,12,160370.0000,128,B,12.5200,12.5100,12.5000,12.4900,12.4800,12.5300,12.5400,12.5500,12.5600,12.5700,112,459,432,112,300,137,202,385,247,991
SZ,000001,2019-06-17 09:32:48,12.5200,10,166556.0000,133,S,12.5200,12.5100,12.5000,12.4900,12.4800,12.5300,12.5400,12.5500,12.5600,12.5700,52,425,432,162,300,97,221,385,257,991
SZ,000001,2019-06-17 09:32:51,12.5300,7,31313.0000,25,B,12.5200,12.5100,12.5000,12.4900,12.4800,12.5300,12.5400,12.5500,12.5600,12.5700,124,344,435,162,300,124,221,385,257,991
SZ,000001,2019-06-17 09:32:54,12.5300,18,244121.0000,195,B,12.5100,12.5000,12.4900,12.4800,12.4700,12.5300,12.5400,12.5500,12.5600,12.5700,303,445,162,300,20,102,241,385,257,991
SZ,000001,2019-06-17 09:32:57,12.5200,5,80124.0000,64,S,12.5100,12.5000,12.4900,12.4800,12.4700,12.5200,12.5300,12.5400,12.5500,12.5600,365,594,162,300,20,430,82,242,385,257
SZ,000001,2019-06-17 09:33:00,12.5200,4,110176.0000,88,B,12.5100,12.5000,12.4900,12.4800,12.4700,12.5200,12.5300,12.5400,12.5500,12.5600,371,560,162,300,20,345,194,252,385,257
SZ,000001,2019-06-17 09:33:03,12.5200,4,33800.0000,27,B,12.5100,12.5000,12.4900,12.4800,12.4700,12.5200,12.5300,12.5400,12.5500,12.5600,367,560,162,297,20,322,194,262,387,267
SZ,000001,2019-06-17 09:33:06,12.5000,11,810487.0000,648,S,12.5100,12.5000,12.4900,12.4800,12.4700,12.5200,12.5300,12.5400,12.5500,12.5600,6,355,162,297,20,276,294,262,387,267
SZ,000001,2019-06-17 09:33:09,12.5100,13,32526.0000,26,S,12.5100,12.5000,12.4900,12.4800,12.4700,12.5200,12.5300,12.5400,12.5500,12.5600,72,445,162,297,20,276,298,262,487,267
SZ,000001,2019-06-17 09:33:12,12.5100,10,105084.0000,84,S,12.5100,12.5000,12.4900,12.4800,12.4700,12.5200,12.5300,12.5400,12.5500,12.5600,137,453,162,317,20,276,298,217,487,267
SZ,000001,2019-06-17 09:33:15,12.5100,15,41289.0000,33,S,12.5100,12.5000,12.4900,12.4800,12.4700,12.5200,12.5300,12.5400,12.5500,12.5600,204,467,162,317,20,270,298,219,487,267
SZ,000001,2019-06-17 09:33:18,12.5200,11,72602.0000,58,B,12.5100,12.5000,12.4900,12.4800,12.4700,12.5200,12.5300,12.5400,12.5500,12.5600,190,459,162,318,20,226,298,219,487,271
SZ,000001,2019-06-17 09:33:21,12.5100,17,242839.0000,194,S,12.5100,12.5000,12.4900,12.4800,12.4700,12.5200,12.5300,12.5400,12.5500,12.5600,155,459,165,318,20,98,298,219,487,271
SZ,000001,2019-06-17 09:33:24,12.5100,10,62594.0000,50,S,12.5100,12.5000,12.4900,12.4800,12.4700,12.5200,12.5300,12.5400,12.5500,12.5600,292,453,165,318,20,275,298,219,487,271
SZ,000001,2019-06-17 09:33:27,12.5300,30,807784.0000,645,B,12.5300,12.5200,12.5100,12.5000,12.4900,12.5400,12.5500,12.5600,12.5700,12.5800,283,11,238,453,170,217,497,271,1054,1045
SZ,000001,2019-06-17 09:33:30,12.5300,19,224287.0000,179,S,12.5300,12.5200,12.5100,12.5000,12.4900,12.5400,12.5500,12.5600,12.5700,12.5800,105,11,242,453,170,217,497,271,1054,1045
SZ,000001,2019-06-17 09:33:33,12.5300,20,135324.0000,108,S,12.5300,12.5200,12.5100,12.5000,12.4900,12.5400,12.5500,12.5600,12.5700,12.5800,90,11,177,463,170,234,497,271,1054,1045
SZ,000001,2019-06-17 09:33:36,12.5300,18,165357.0000,132,S,12.5100,12.5000,12.4900,12.4800,12.4700,12.5300,12.5400,12.5500,12.5600,12.5700,160,463,170,323,20,129,216,497,271,1054
SZ,000001,2019-06-17 09:33:39,12.5100,4,25040.0000,20,S,12.5100,12.5000,12.4900,12.4800,12.4700,12.5300,12.5400,12.5500,12.5600,12.5700,333,468,173,323,20,144,613,497,271,1054
SZ,000001,2019-06-17 09:33:42,12.5100,10,56353.0000,45,S,12.5100,12.5000,12.4900,12.4800,12.4700,12.5300,12.5400,12.5500,12.5600,12.5700,499,468,173,323,20,241,613,498,271,1054
SZ,000001,2019-06-17 09:33:45,12.5300,7,50048.0000,40,B,12.5100,12.5000,12.4900,12.4800,12.4700,12.5300,12.5400,12.5500,12.5600,12.5700,490,478,173,323,20,237,563,498,271,1054
SZ,000001,2019-06-17 09:33:51,12.5300,3,102744.0000,82,B,12.5100,12.5000,12.4900,12.4800,12.4700,12.5300,12.5400,12.5500,12.5600,12.5700,630,528,173,318,20,206,563,498,271,1054
SZ,000001,2019-06-17 09:33:54,12.5200,4,11272.0000,9,S,12.5100,12.5000,12.4900,12.4800,12.4700,12.5200,12.5300,12.5400,12.5500,12.5600,672,528,173,318,20,57,202,349,498,271
SZ,000001,2019-06-17 09:33:57,12.5100,13,105163.0000,84,S,12.5100,12.5000,12.4900,12.4800,12.4700,12.5300,12.5400,12.5500,12.5600,12.5700,714,528,173,323,20,205,394,498,271,1054
SZ,000001,2019-06-17 09:34:00,12.5300,13,57638.0000,46,B,12.5200,12.5100,12.5000,12.4900,12.4800,12.5300,12.5400,12.5500,12.5600,12.5700,95,767,528,173,323,160,394,817,371,1054
SZ,000001,2019-06-17 09:34:03,12.5300,9,73922.0000,59,B,12.5200,12.5100,12.5000,12.4900,12.4800,12.5300,12.5400,12.5500,12.5600,12.5700,315,695,548,173,323,106,654,817,371,1054
SZ,000001,2019-06-17 09:34:06,12.5300,27,371865.0000,297,B,12.5200,12.5100,12.5000,12.4900,12.4800,12.5300,12.5400,12.5500,12.5600,12.5700,117,642,639,173,323,85,654,820,371,1054
SZ,000001,2019-06-17 09:34:09,12.5300,6,45102.0000,36,B,12.5200,12.5100,12.5000,12.4900,12.4800,12.5300,12.5400,12.5500,12.5600,12.5700,112,648,739,173,323,65,622,825,371,1054
SZ,000001,2019-06-17 09:34:12,12.5200,12,23792.0000,19,S,12.5200,12.5100,12.5000,12.4900,12.4800,12.5300,12.5400,12.5500,12.5600,12.5700,108,784,739,173,324,70,612,827,371,1054
SZ,000001,2019-06-17 09:34:15,12.5200,17,90150.0000,72,S,12.5200,12.5100,12.5000,12.4900,12.4800,12.5300,12.5400,12.5500,12.5600,12.5700,135,784,739,173,324,64,431,826,371,1071
SZ,000001,2019-06-17 09:34:18,12.5200,12,172804.0000,138,S,12.5200,12.5100,12.5000,12.4900,12.4800,12.5300,12.5400,12.5500,12.5600,12.5700,85,784,739,173,96,116,431,830,371,1071
SZ,000001,2019-06-17 09:34:21,12.5300,10,151608.0000,121,B,12.5300,12.5200,12.5100,12.5000,12.4900,12.5400,12.5500,12.5600,12.5700,12.5800,92,72,798,739,173,431,840,371,1071,1041
SZ,000001,2019-06-17 09:34:24,12.5200,5,127798.0000,102,S,12.5200,12.5100,12.5000,12.4900,12.4800,12.5300,12.5400,12.5500,12.5600,12.5700,56,798,739,173,146,39,434,840,390,1071
SZ,000001,2019-06-17 09:34:27,12.5200,15,23792.0000,19,S,12.5200,12.5100,12.5000,12.4900,12.4800,12.5300,12.5400,12.5500,12.5600,12.5700,136,798,769,173,146,25,434,840,390,1071
SZ,000001,2019-06-17 09:34:30,12.5200,9,98994.0000,79,S,12.5200,12.5100,12.5000,12.4900,12.4800,12.5300,12.5400,12.5500,12.5600,12.5700,113,798,769,173,146,2,403,840,390,1071
SZ,000001,2019-06-17 09:34:33,12.5300,9,40102.0000,32,B,12.5300,12.5200,12.5100,12.5000,12.4900,12.5400,12.5500,12.5600,12.5700,12.5800,70,108,461,621,173,398,840,390,1071,1041
SZ,000001,2019-06-17 09:34:36,12.5400,36,623140.0000,497,B,12.5400,12.5300,12.5200,12.5100,12.5000,12.5500,12.5600,12.5700,12.5800,12.5900,212,50,121,461,621,840,390,1071,1041,540
SZ,000001,2019-06-17 09:34:39,12.5300,13,440104.0000,351,S,12.5200,12.5100,12.5000,12.4900,12.4800,12.5300,12.5400,12.5500,12.5600,12.5700,90,456,626,292,166,1,1,843,390,1071
SZ,000001,2019-06-17 09:34:42,12.5300,13,241830.0000,193,B,12.5200,12.5100,12.5000,12.4900,12.4800,12.5300,12.5400,12.5500,12.5600,12.5700,221,456,552,292,166,115,1,843,390,1051
SZ,000001,2019-06-17 09:34:45,12.5200,8,137828.0000,110,S,12.5200,12.5100,12.5000,12.4900,12.4800,12.5300,12.5400,12.5500,12.5600,12.5700,221,456,547,292,166,7,1,845,390,1051
SZ,000001,2019-06-17 09:34:48,12.5500,4,15046.0000,12,B,12.5300,12.5200,12.5100,12.5000,12.4900,12.5500,12.5600,12.5700,12.5800,12.5900,17,242,450,547,292,841,390,1051,1041,540
SZ,000001,2019-06-17 09:34:51,12.5300,12,16288.0000,13,S,12.5300,12.5200,12.5100,12.5000,12.4900,12.5400,12.5500,12.5600,12.5700,12.5800,58,235,450,677,292,21,841,380,1051,1041
SZ,000001,2019-06-17 09:34:54,12.5400,2,7524.0000,6,B,12.5300,12.5200,12.5100,12.5000,12.4900,12.5400,12.5500,12.5600,12.5700,12.5800,240,104,450,677,292,26,863,380,1051,1041
SZ,000001,2019-06-17 09:34:57,12.5400,15,318332.0000,254,B,12.5400,12.5300,12.5200,12.5100,12.5000,12.5500,12.5600,12.5700,12.5800,12.5900,475,47,104,426,677,876,380,1051,1041,540
SZ,000001,2019-06-17 09:35:00,12.5400,13,200640.0000,160,S,12.5400,12.5300,12.5200,12.5100,12.5000,12.5500,12.5600,12.5700,12.5800,12.5900,412,273,270,426,682,879,380,1051,1041,540
SZ,000001,2019-06-17 09:35:03,12.5500,25,1842760.0000,1469,B,12.5400,12.5300,12.5200,12.5100,12.5000,12.5500,12.5600,12.5700,12.5800,12.5900,27,541,280,426,677,290,380,1051,1041,540
SZ,000001,2019-06-17 09:35:06,12.5500,25,520556.0000,415,B,12.5400,12.5300,12.5200,12.5100,12.5000,12.5500,12.5600,12.5700,12.5800,12.5900,101,420,280,426,677,13,380,1027,1041,540
SZ,000001,2019-06-17 09:35:09,12.5500,4,28864.0000,23,B,12.5500,12.5400,12.5300,12.5200,12.5100,12.5600,12.5700,12.5800,12.5900,12.6000,339,103,420,280,426,380,1027,1041,540,2497
SZ,000001,2019-06-17 09:35:12,12.5300,12,462744.0000,369,S,12.5300,12.5200,12.5100,12.5000,12.4900,12.5600,12.5700,12.5800,12.5900,12.6000,297,226,426,714,184,372,1027,1061,540,2497
SZ,000001,2019-06-17 09:35:15,12.5200,48,1835434.0000,1466,S,12.5200,12.5100,12.5000,12.4900,12.4800,12.5500,12.5600,12.5700,12.5800,12.5900,521,39,714,184,406,366,694,1027,1061,540
SZ,000001,2019-06-17 09:35:18,12.5300,7,122730.0000,98,B,12.5200,12.5100,12.5000,12.4900,12.4800,12.5300,12.5500,12.5600,12.5700,12.5800,551,39,714,184,406,2,366,612,1037,1061
SZ,000001,2019-06-17 09:35:21,12.5500,3,7528.0000,6,B,12.5200,12.5100,12.5000,12.4900,12.4800,12.5500,12.5600,12.5700,12.5800,12.5900,566,39,714,184,406,963,612,1020,1061,540
SZ,000001,2019-06-17 09:35:24,12.5300,7,27556.0000,22,S,12.5300,12.5200,12.5100,12.5000,12.4900,12.5500,12.5600,12.5700,12.5800,12.5900,44,602,39,714,184,853,612,1020,1061,540
SZ,000001,2019-06-17 09:35:27,12.5000,47,1355424.0000,1083,S,12.5300,12.5200,12.5000,12.4900,12.4800,12.5500,12.5600,12.5700,12.5800,12.5900,30,136,616,184,390,970,1512,1020,1061,550
SZ,000001,2019-06-17 09:35:30,12.5300,8,36384.0000,29,S,12.5300,12.5200,12.5000,12.4900,12.4800,12.5400,12.5500,12.5600,12.5700,12.5800,29,136,616,184,390,6,951,1513,1021,1061
SZ,000001,2019-06-17 09:35:33,12.5000,11,305468.0000,244,S,12.5000,12.4900,12.4800,12.4700,12.4600,12.5400,12.5500,12.5600,12.5700,12.5800,346,184,390,220,345,4,2154,1513,1020,1061
SZ,000001,2019-06-17 09:35:36,12.5200,8,88980.0000,71,B,12.5000,12.4900,12.4800,12.4700,12.4600,12.5200,12.5500,12.5600,12.5700,12.5800,349,184,150,220,345,850,2136,1513,1020,1061
SZ,000001,2019-06-17 09:35:39,12.5200,9,312692.0000,250,B,12.5000,12.4900,12.4800,12.4700,12.4600,12.5200,12.5400,12.5500,12.5600,12.5700,196,184,150,220,345,756,3,2139,1513,1020
SZ,000001,2019-06-17 09:35:45,12.5000,11,275120.0000,220,S,12.5000,12.4900,12.4800,12.4700,12.4600,12.5200,12.5300,12.5400,12.5500,12.5600,72,193,150,220,345,7,300,18,2081,1512
SZ,000001,2019-06-17 09:35:48,12.5300,3,33824.0000,27,B,12.5200,12.5100,12.5000,12.4900,12.4800,12.5300,12.5400,12.5500,12.5600,12.5700,19,13,130,222,152,280,258,2081,1512,1020
SZ,000001,2019-06-17 09:35:51,12.5300,20,397738.0000,318,B,12.5200,12.5000,12.4900,12.4800,12.4700,12.5300,12.5400,12.5500,12.5600,12.5700,2,78,305,152,220,277,323,2095,1513,1020
SZ,000001,2019-06-17 09:35:54,12.5200,6,143964.0000,115,S,12.5100,12.5000,12.4900,12.4800,12.4700,12.5200,12.5300,12.5400,12.5500,12.5600,120,74,313,161,220,138,277,328,804,1513
SZ,000001,2019-06-17 09:35:57,12.5200,5,118946.0000,95,B,12.5200,12.5100,12.5000,12.4900,12.4800,12.5300,12.5400,12.5500,12.5600,12.5700,355,121,159,313,161,281,368,809,1256,1020
SZ,000001,2019-06-17 09:36:00,12.5200,3,40068.0000,32,S,12.5200,12.5100,12.5000,12.4900,12.4800,12.5300,12.5400,12.5500,12.5600,12.5700,269,121,248,313,161,275,368,813,1256,1020
SZ,000001,2019-06-17 09:36:03,12.5300,5,114024.0000,91,B,12.5200,12.5100,12.5000,12.4900,12.4800,12.5300,12.5400,12.5500,12.5600,12.5700,264,131,248,313,161,192,363,813,1262,1020
SZ,000001,2019-06-17 09:36:06,12.5300,10,447320.0000,357,B,12.5300,12.5200,12.5100,12.5000,12.4900,12.5400,12.5500,12.5600,12.5700,12.5800,321,309,131,248,313,363,682,1262,1020,1072
SZ,000001,2019-06-17 09:36:09,12.5400,6,68970.0000,55,B,12.5300,12.5200,12.5100,12.5000,12.4900,12.5400,12.5500,12.5600,12.5700,12.5800,448,192,130,261,326,312,682,1262,1020,1072
SZ,000001,2019-06-17 09:36:12,12.5400,16,351100.0000,280,B,12.5400,12.5300,12.5200,12.5100,12.5000,12.5500,12.5600,12.5700,12.5800,12.5900,59,374,192,130,291,632,1262,1020,1072,579
SZ,000001,2019-06-17 09:36:15,12.5300,12,298490.0000,238,S,12.5400,12.5300,12.5200,12.5100,12.5000,12.5500,12.5600,12.5700,12.5800,12.5900,2,318,192,134,291,561,1262,1020,1072,579
SZ,000001,2019-06-17 09:36:18,12.5300,8,290962.0000,232,S,12.5300,12.5200,12.5100,12.5000,12.4900,12.5500,12.5600,12.5700,12.5800,12.5900,299,192,134,291,326,484,1262,1020,1072,579
SZ,000001,2019-06-17 09:36:21,12.5400,5,60166.0000,48,B,12.5300,12.5200,12.5100,12.5000,12.4900,12.5400,12.5500,12.5600,12.5700,12.5800,352,182,130,301,326,23,494,1262,1020,1072
SZ,000001,2019-06-17 09:36:24,12.5400,4,32606.0000,26,B,12.5400,12.5300,12.5200,12.5100,12.5000,12.5500,12.5600,12.5700,12.5800,12.5900,1025,353,182,130,301,492,1278,1020,1076,579
SZ,000001,2019-06-17 09:36:27,12.5400,10,275966.0000,220,S,12.5400,12.5300,12.5200,12.5100,12.5000,12.5500,12.5600,12.5700,12.5800,12.5900,915,359,182,130,291,478,1278,970,1076,579
SZ,000001,2019-06-17 09:36:30,12.5600,15,606166.0000,483,B,12.5500,12.5400,12.5300,12.5200,12.5100,12.5600,12.5700,12.5800,12.5900,12.6000,253,1014,273,212,130,1267,960,1076,579,2623
SZ,000001,2019-06-17 09:36:33,12.5500,3,15062.0000,12,S,12.5500,12.5400,12.5300,12.5200,12.5100,12.5600,12.5700,12.5800,12.5900,12.6000,251,1005,272,212,130,1214,960,1076,579,2623
SZ,000001,2019-06-17 09:36:36,12.5500,12,583536.0000,465,S,12.5500,12.5400,12.5300,12.5200,12.5100,12.5600,12.5700,12.5800,12.5900,12.6000,22,795,256,205,130,1184,960,916,579,2623
SZ,000001,2019-06-17 09:36:39,12.5500,8,89174.0000,71,S,12.5500,12.5400,12.5300,12.5200,12.5100,12.5600,12.5700,12.5800,12.5900,12.6000,48,801,164,200,130,1116,940,916,579,2623
SZ,000001,2019-06-17 09:36:42,12.5600,12,226074.0000,180,B,12.5500,12.5400,12.5300,12.5200,12.5100,12.5600,12.5700,12.5800,12.5900,12.6000,132,800,166,200,133,941,940,916,609,2623
SZ,000001,2019-06-17 09:36:45,12.5600,13,212104.0000,169,B,12.5500,12.5400,12.5300,12.5200,12.5100,12.5600,12.5700,12.5800,12.5900,12.6000,1,928,166,410,133,982,940,916,609,2643
SZ,000001,2019-06-17 09:36:48,12.5600,8,116776.0000,93,B,12.5500,12.5400,12.5300,12.5200,12.5100,12.5600,12.5700,12.5800,12.5900,12.6000,208,927,166,410,13,922,840,916,609,2653
SZ,000001,2019-06-17 09:36:51,12.5600,4,285102.0000,227,B,12.5500,12.5400,12.5300,12.5200,12.5100,12.5600,12.5700,12.5800,12.5900,12.6000,229,927,166,410,13,705,840,896,609,2653
SZ,000001,2019-06-17 09:36:54,12.5600,4,15070.0000,12,B,12.5500,12.5400,12.5300,12.5200,12.5100,12.5600,12.5700,12.5800,12.5900,12.6000,223,938,166,410,13,701,820,896,609,2655
SZ,000001,2019-06-17 09:36:57,12.5500,9,288652.0000,230,S,12.5500,12.5400,12.5300,12.5200,12.5100,12.5600,12.5700,12.5800,12.5900,12.6000,10,938,166,410,13,312,814,897,709,2655
SZ,000001,2019-06-17 09:37:00,12.5600,9,118018.0000,94,B,12.5400,12.5300,12.5200,12.5100,12.5000,12.5600,12.5700,12.5800,12.5900,12.6000,929,167,410,13,326,368,814,897,709,2690
SZ,000001,2019-06-17 09:37:03,12.5500,3,96662.0000,77,S,12.5500,12.5400,12.5300,12.5200,12.5100,12.5600,12.5700,12.5800,12.5900,12.6000,307,932,167,410,13,341,814,897,709,2695
SZ,000001,2019-06-17 09:37:06,12.5600,7,340196.0000,271,B,12.5500,12.5400,12.5300,12.5200,12.5100,12.5600,12.5700,12.5800,12.5900,12.6000,134,929,164,410,13,250,814,905,809,2695
SZ,000001,2019-06-17 09:37:09,12.5600,7,81640.0000,65,B,12.5500,12.5400,12.5300,12.5200,12.5100,12.5600,12.5700,12.5800,12.5900,12.6000,137,929,160,410,113,176,814,910,859,2695
SZ,000001,2019-06-17 09:37:12,12.5500,13,322856.0000,257,S,12.5500,12.5400,12.5300,12.5200,12.5100,12.5700,12.5800,12.5900,12.6000,12.6100,230,929,160,410,123,747,910,865,2695,143
SZ,000001,2019-06-17 09:37:15,12.5500,9,135584.0000,108,S,12.5600,12.5500,12.5400,12.5300,12.5200,12.5700,12.5800,12.5900,12.6000,12.6100,2,320,929,160,410,747,910,885,2695,143
SZ,000001,2019-06-17 09:37:18,12.5700,6,30164.0000,24,B,12.5600,12.5500,12.5400,12.5300,12.5200,12.5700,12.5800,12.5900,12.6000,12.6100,150,215,929,160,355,729,910,885,2595,143
SZ,000001,2019-06-17 09:37:21,12.5600,1,50240.0000,40,S,12.5600,12.5500,12.5400,12.5300,12.5200,12.5700,12.5800,12.5900,12.6000,12.6100,143,208,929,160,355,749,910,895,2295,143
SZ,000001,2019-06-17 09:37:24,12.5700,3,7536.0000,6,B,12.5600,12.5500,12.5400,12.5300,12.5200,12.5700,12.5800,12.5900,12.6000,12.6100,130,208,918,160,355,748,910,895,2295,143
SZ,000001,2019-06-17 09:37:27,12.5700,23,794316.0000,632,B,12.5700,12.5600,12.5500,12.5400,12.5300,12.5800,12.5900,12.6000,12.6100,12.6200,199,113,208,918,160,910,895,2315,143,200
SZ,000001,2019-06-17 09:37:30,12.5700,8,205012.0000,163,S,12.5700,12.5600,12.5500,12.5400,12.5300,12.5800,12.5900,12.6000,12.6100,12.6200,177,137,147,918,160,792,895,2315,143,200
SZ,000001,2019-06-17 09:37:33,12.5800,27,1018980.0000,810,B,12.5800,12.5700,12.5600,12.5500,12.5400,12.5900,12.6000,12.6100,12.6200,12.6300,45,181,137,147,923,901,2315,143,200,503
SZ,000001,2019-06-17 09:37:36,12.5900,12,417896.0000,332,B,12.5800,12.5700,12.5600,12.5500,12.5400,12.5900,12.6000,12.6100,12.6200,12.6300,740,173,48,147,953,661,2248,153,200,513
SZ,000001,2019-06-17 09:37:39,12.5800,38,1317216.0000,1046,S,12.5900,12.5800,12.5700,12.5600,12.5500,12.6000,12.6100,12.6200,12.6300,12.6400,100,1322,306,48,147,1919,153,200,513,599
SZ,000001,2019-06-17 09:37:42,12.6000,12,913280.0000,725,B,12.5900,12.5800,12.5700,12.5600,12.5500,12.6000,12.6100,12.6200,12.6300,12.6400,293,1571,306,48,147,1414,153,210,513,591
SZ,000001,2019-06-17 09:37:45,12.5800,19,1264140.0000,1004,S,12.5800,12.5700,12.5600,12.5500,12.5400,12.6000,12.6100,12.6200,12.6300,12.6400,1346,306,18,147,1017,1062,153,210,513,596
SZ,000001,2019-06-17 09:37:48,12.5900,8,667364.0000,530,B,12.5800,12.5700,12.5600,12.5500,12.5400,12.5900,12.6000,12.6100,12.6200,12.6300,1426,373,18,197,1017,121,971,153,210,503
SZ,000001,2019-06-17 09:37:51,12.5900,3,54136.0000,43,B,12.5800,12.5700,12.5600,12.5500,12.5400,12.5900,12.6000,12.6100,12.6200,12.6300,1496,306,40,197,1017,83,1022,153,210,506
SZ,000001,2019-06-17 09:37:54,12.5900,11,166188.0000,132,B,12.5800,12.5700,12.5600,12.5500,12.5400,12.5900,12.6000,12.6100,12.6200,12.6300,1625,306,40,202,1017,69,994,161,207,506
SZ,000001,2019-06-17 09:37:57,12.5900,8,512136.0000,407,B,12.5900,12.5800,12.5700,12.5600,12.5500,12.6000,12.6100,12.6200,12.6300,12.6400,314,1349,170,40,58,986,161,192,746,596
SZ,000001,2019-06-17 09:38:00,12.5900,2,55396.0000,44,S,12.5900,12.5800,12.5700,12.5600,12.5500,12.6000,12.6100,12.6200,12.6300,12.6400,1407,1525,170,40,58,990,161,192,776,596
SZ,000001,2019-06-17 09:38:03,12.5900,7,32748.0000,26,S,12.5900,12.5800,12.5700,12.5600,12.5500,12.6000,12.6100,12.6200,12.6300,12.6400,1399,1498,170,40,58,978,161,222,776,616
SZ,000001,2019-06-17 09:38:06,12.6000,14,458356.0000,364,B,12.5900,12.5800,12.5700,12.5600,12.5500,12.6000,12.6100,12.6200,12.6300,12.6400,1134,1498,170,40,58,900,164,242,776,616
SZ,000001,2019-06-17 09:38:09,12.5900,4,20156.0000,16,S,12.5900,12.5800,12.5700,12.5600,12.5500,12.6000,12.6100,12.6200,12.6300,12.6400,1108,1498,170,35,58,937,164,242,776,616
SZ,000001,2019-06-17 09:38:12,12.6000,20,972320.0000,772,B,12.5900,12.5800,12.5700,12.5600,12.5500,12.6000,12.6100,12.6200,12.6300,12.6400,706,1498,170,35,58,667,164,250,776,630
SZ,000001,2019-06-17 09:38:15,12.5900,1,11328.0000,9,S,12.5900,12.5800,12.5700,12.5600,12.5500,12.6000,12.6100,12.6200,12.6300,12.6400,701,1498,170,35,58,667,164,256,776,630
SZ,000001,2019-06-17 09:38:18,12.6000,8,396628.0000,315,B,12.5900,12.5800,12.5700,12.5600,12.5500,12.6000,12.6100,12.6200,12.6300,12.6400,519,1498,170,35,58,664,179,567,776,632
SZ,000001,2019-06-17 09:38:21,12.5900,4,143584.0000,114,S,12.5900,12.5800,12.5700,12.5600,12.5500,12.6000,12.6100,12.6200,12.6300,12.6400,617,1498,170,35,58,916,179,592,776,692
SZ,000001,2019-06-17 09:38:24,12.6000,17,565516.0000,449,B,12.5900,12.5800,12.5700,12.5600,12.5500,12.6000,12.6100,12.6200,12.6300,12.6400,405,1497,200,35,58,1000,179,592,776,742
SZ,000001,2019-06-17 09:38:27,12.6000,19,279544.0000,222,B,12.5900,12.5800,12.5700,12.5600,12.5500,12.6000,12.6100,12.6200,12.6300,12.6400,231,1497,196,35,58,1577,179,597,786,742
SZ,000001,2019-06-17 09:38:30,12.6000,26,444468.0000,353,B,12.5900,12.5800,12.5700,12.5600,12.5500,12.6000,12.6100,12.6200,12.6300,12.6400,4,1497,196,45,58,1541,176,617,786,742
SZ,000001,2019-06-17 09:38:33,12.5900,15,504588.0000,401,S,12.5800,12.5700,12.5600,12.5500,12.5400,12.5900,12.6000,12.6100,12.6200,12.6300,1247,196,45,58,1017,83,1571,176,637,786
SZ,000001,2019-06-17 09:38:36,12.5800,26,361216.0000,287,S,12.5800,12.5700,12.5600,12.5500,12.5400,12.5900,12.6000,12.6100,12.6200,12.6300,1212,196,45,58,1017,339,1577,401,642,786
SZ,000001,2019-06-17 09:38:39,12.5900,7,225236.0000,179,B,12.5800,12.5700,12.5600,12.5500,12.5400,12.5900,12.6000,12.6100,12.6200,12.6300,1094,196,45,58,1017,2279,1577,401,642,786
SZ,000001,2019-06-17 09:38:42,12.5800,8,189976.0000,151,S,12.5800,12.5700,12.5600,12.5500,12.5400,12.5900,12.6000,12.6100,12.6200,12.6300,960,196,45,58,1017,2374,1578,401,642,786
SZ,000001,2019-06-17 09:38:45,12.5800,26,1308400.0000,1040,S,12.5700,12.5600,12.5500,12.5400,12.5300,12.5800,12.5900,12.6000,12.6100,12.6200,191,45,108,1017,10,713,2764,1625,401,642
SZ,000001,2019-06-17 09:38:48,12.5700,10,310480.0000,247,S,12.5700,12.5600,12.5500,12.5400,12.5300,12.5800,12.5900,12.6000,12.6100,12.6200,34,181,108,1017,10,1063,2764,1647,401,642
SZ,000001,2019-06-17 09:38:51,12.5800,12,262796.0000,209,B,12.5700,12.5600,12.5500,12.5400,12.5300,12.5800,12.5900,12.6000,12.6100,12.6200,1,147,270,1017,55,931,2784,1647,401,642
SZ,000001,2019-06-17 09:38:54,12.5700,5,36468.0000,29,S,12.5700,12.5600,12.5500,12.5400,12.5300,12.5800,12.5900,12.6000,12.6100,12.6200,82,147,270,1017,55,936,2789,1697,401,642
SZ,000001,2019-06-17 09:38:57,12.5700,13,192424.0000,153,S,12.5700,12.5600,12.5500,12.5400,12.5300,12.5800,12.5900,12.6000,12.6100,12.6200,1041,147,272,1017,55,836,823,1690,401,642
SZ,000001,2019-06-17 09:39:00,12.5800,7,99356.0000,79,B,12.5700,12.5600,12.5500,12.5400,12.5300,12.5800,12.5900,12.6000,12.6100,12.6200,1024,157,222,1017,55,787,823,1690,401,642
SZ,000001,2019-06-17 09:39:03,12.5700,13,889148.0000,706,S,12.5700,12.5600,12.5500,12.5400,12.5300,12.5800,12.5900,12.6000,12.6100,12.6200,1023,157,230,1017,55,219,823,1730,401,642
SZ,000001,2019-06-17 09:39:06,12.5800,8,93092.0000,74,B,12.5700,12.5600,12.5500,12.5400,12.5300,12.5800,12.5900,12.6000,12.6100,12.6200,1115,157,230,1017,55,145,861,1837,401,642
SZ,000001,2019-06-17 09:39:09,12.5800,6,200024.0000,159,B,12.5800,12.5700,12.5600,12.5500,12.5400,12.5900,12.6000,12.6100,12.6200,12.6300,94,1117,157,230,1017,828,1856,401,642,796
SZ,000001,2019-06-17 09:39:12,12.5800,3,22656.0000,18,S,12.5800,12.5700,12.5600,12.5500,12.5400,12.5900,12.6000,12.6100,12.6200,12.6300,87,1114,157,230,1017,868,1902,401,642,796
SZ,000001,2019-06-17 09:39:15,12.5700,11,356232.0000,284,S,12.5700,12.5600,12.5500,12.5400,12.5300,12.5900,12.6000,12.6100,12.6200,12.6300,939,174,230,1017,87,851,1949,401,642,796
SZ,000001,2019-06-17 09:39:18,12.5800,5,15096.0000,12,B,12.5700,12.5600,12.5500,12.5400,12.5300,12.5800,12.5900,12.6000,12.6100,12.6200,1084,174,235,1017,87,95,860,1959,401,642
SZ,000001,2019-06-17 09:39:21,12.5900,5,255480.0000,203,B,12.5700,12.5600,12.5500,12.5400,12.5300,12.5900,12.6000,12.6100,12.6200,12.6300,1151,174,235,1017,87,752,1959,401,642,796
SZ,000001,2019-06-17 09:39:24,12.5800,1,25160.0000,20,S,12.5800,12.5700,12.5600,12.5500,12.5400,12.5900,12.6000,12.6100,12.6200,12.6300,234,1178,174,235,1017,752,1959,401,642,796
SZ,000001,2019-06-17 09:39:27,12.5800,2,22660.0000,18,S,12.5800,12.5700,12.5600,12.5500,12.5400,12.5900,12.6000,12.6100,12.6200,12.6300,380,1013,174,235,1017,726,1969,401,642,796
SZ,000001,2019-06-17 09:39:30,12.5800,1,1256.0000,1,S,12.5800,12.5700,12.5600,12.5500,12.5400,12.5900,12.6000,12.6100,12.6200,12.6300,385,1013,174,235,1017,744,1983,401,617,796
SZ,000001,2019-06-17 09:39:33,12.5800,2,17620.0000,14,S,12.5800,12.5700,12.5600,12.5500,12.5400,12.5900,12.6000,12.6100,12.6200,12.6300,444,1013,274,235,1017,750,2000,401,617,806
SZ,000001,2019-06-17 09:39:36,12.5900,27,1041184.0000,827,B,12.5900,12.5800,12.5700,12.5600,12.5500,12.6000,12.6100,12.6200,12.6300,12.6400,185,441,1013,274,235,2000,401,617,806,767
SZ,000001,2019-06-17 09:39:39,12.5900,2,2520.0000,2,S,12.5900,12.5800,12.5700,12.5600,12.5500,12.6000,12.6100,12.6200,12.6300,12.6400,358,292,1017,274,235,2000,401,637,806,767
SZ,000001,2019-06-17 09:39:42,12.6000,46,2691224.0000,2136,B,12.5900,12.5800,12.5700,12.5600,12.5500,12.6000,12.6100,12.6200,12.6300,12.6400,272,363,1017,274,235,0,401,637,806,767
SZ,000001,2019-06-17 09:39:45,12.6000,12,153784.0000,122,B,12.6000,12.5900,12.5800,12.5700,12.5600,12.6100,12.6200,12.6300,12.6400,12.6500,356,486,333,1017,274,323,637,806,767,1146
SZ,000001,2019-06-17 09:39:48,12.6000,2,10084.0000,8,S,12.6000,12.5900,12.5800,12.5700,12.5600,12.6100,12.6200,12.6300,12.6400,12.6500,236,483,333,1017,274,318,637,806,767,1146
SZ,000001,2019-06-17 09:39:51,12.6100,11,118504.0000,94,B,12.6000,12.5900,12.5800,12.5700,12.5600,12.6100,12.6200,12.6300,12.6400,12.6500,1565,323,333,1017,274,256,637,806,767,1146
SZ,000001,2019-06-17 09:39:54,12.6100,20,301148.0000,239,B,12.6000,12.5900,12.5800,12.5700,12.5600,12.6100,12.6200,12.6300,12.6400,12.6500,1338,470,221,1037,274,255,637,806,767,1146
SZ,000001,2019-06-17 09:39:57,12.6100,11,146248.0000,116,B,12.6000,12.5900,12.5800,12.5700,12.5600,12.6100,12.6200,12.6300,12.6400,12.6500,1363,470,221,1032,274,170,637,806,787,1146
SZ,000001,2019-06-17 09:40:00,12.6100,10,260976.0000,207,B,12.6100,12.6000,12.5900,12.5800,12.5700,12.6200,12.6300,12.6400,12.6500,12.6600,171,1394,470,221,1034,623,796,787,1146,905
SZ,000001,2019-06-17 09:40:03,12.6100,8,83236.0000,66,S,12.6100,12.6000,12.5900,12.5800,12.5700,12.6200,12.6300,12.6400,12.6500,12.6600,491,1193,470,221,1034,613,796,805,1231,905
SZ,000001,2019-06-17 09:40:06,12.6100,16,427788.0000,339,S,12.6100,12.6000,12.5900,12.5800,12.5700,12.6200,12.6300,12.6400,12.6500,12.6600,468,1195,470,171,1034,314,796,805,1211,905
SZ,000001,2019-06-17 09:40:09,12.6200,20,478252.0000,379,B,12.6100,12.6000,12.5900,12.5800,12.5700,12.6200,12.6300,12.6400,12.6500,12.6600,428,1195,470,171,1034,30,796,825,1221,905
SZ,000001,2019-06-17 09:40:12,12.6200,16,508596.0000,403,B,12.6200,12.6100,12.6000,12.5900,12.5800,12.6300,12.6400,12.6500,12.6600,12.6700,719,425,1232,362,171,789,1141,1221,905,952
SZ,000001,2019-06-17 09:40:15,12.6200,7,372288.0000,295,S,12.6200,12.6100,12.6000,12.5900,12.5800,12.6300,12.6400,12.6500,12.6600,12.6700,448,909,1232,220,171,795,1141,1236,905,952
SZ,000001,2019-06-17 09:40:18,12.6200,20,835472.0000,662,S,12.6100,12.6000,12.5900,12.5800,12.5700,12.6200,12.6300,12.6400,12.6500,12.6600,833,1232,220,171,883,225,1035,1141,1236,905
SZ,000001,2019-06-17 09:40:21,12.6200,10,378640.0000,300,B,12.6200,12.6100,12.6000,12.5900,12.5800,12.6300,12.6400,12.6500,12.6600,12.6700,90,604,1232,140,171,1028,1143,1236,905,952
SZ,000001,2019-06-17 09:40:24,12.6200,4,18928.0000,15,S,12.6200,12.6100,12.6000,12.5900,12.5800,12.6300,12.6400,12.6500,12.6600,12.6700,161,618,1232,140,171,1026,1409,1286,905,952
SZ,000001,2019-06-17 09:40:27,12.6300,11,104752.0000,83,B,12.6200,12.6100,12.6000,12.5900,12.5800,12.6300,12.6400,12.6500,12.6600,12.6700,1354,617,1232,140,174,1064,1410,1267,905,952
SZ,000001,2019-06-17 09:40:30,12.6200,14,680336.0000,539,S,12.6200,12.6100,12.6000,12.5900,12.5800,12.6300,12.6400,12.6500,12.6600,12.6700,956,617,1233,140,174,957,1410,1219,925,952
SZ,000001,2019-06-17 09:40:33,12.6200,16,191944.0000,152,S,12.6200,12.6100,12.6000,12.5900,12.5800,12.6300,12.6400,12.6500,12.6600,12.6700,1012,617,1195,340,174,842,1410,1221,935,952
SZ,000001,2019-06-17 09:40:36,12.6300,10,257616.0000,204,B,12.6200,12.6100,12.6000,12.5900,12.5800,12.6300,12.6400,12.6500,12.6600,12.6700,1476,617,1195,340,174,1182,1410,1221,935,957
SZ,000001,2019-06-17 09:40:39,12.6200,10,88384.0000,70,S,12.6200,12.6100,12.6000,12.5900,12.5800,12.6300,12.6400,12.6500,12.6600,12.6700,1596,617,1164,340,179,1220,1676,1223,935,957
SZ,000001,2019-06-17 09:40:42,12.6300,11,668108.0000,529,B,12.6200,12.6100,12.6000,12.5900,12.5800,12.6300,12.6400,12.6500,12.6600,12.6700,1574,617,1164,310,179,736,1626,1241,955,967
SZ,000001,2019-06-17 09:40:45,12.6200,9,101032.0000,80,S,12.6200,12.6100,12.6000,12.5900,12.5800,12.6300,12.6400,12.6500,12.6600,12.6700,1575,917,1164,310,179,714,1791,1241,955,967
SZ,000001,2019-06-17 09:40:48,12.6300,20,1139228.0000,902,B,12.6300,12.6200,12.6100,12.6000,12.5900,12.6400,12.6500,12.6600,12.6700,12.6800,1166,2575,415,1164,307,1788,1241,955,967,1493
SZ,000001,2019-06-17 09:40:51,12.6300,24,454984.0000,360,S,12.6300,12.6200,12.6100,12.6000,12.5900,12.6400,12.6500,12.6600,12.6700,12.6800,1227,3506,415,1164,307,1486,1241,955,987,1494
SZ,000001,2019-06-17 09:40:54,12.6400,24,1913440.0000,1515,B,12.6300,12.6200,12.6100,12.6000,12.5900,12.6400,12.6500,12.6600,12.6700,12.6800,182,3392,385,1164,307,1446,1241,985,997,1585
SZ,000001,2019-06-17 09:40:57,12.6300,9,301872.0000,239,S,12.6300,12.6200,12.6100,12.6000,12.5900,12.6400,12.6500,12.6600,12.6700,12.6800,536,3300,385,1164,307,1429,1261,985,987,1627
SZ,000001,2019-06-17 09:41:00,12.6300,10,205896.0000,163,S,12.6300,12.6200,12.6100,12.6000,12.5900,12.6400,12.6500,12.6600,12.6700,12.6800,434,3300,385,1164,307,1455,1196,1295,1018,1627
SZ,000001,2019-06-17 09:41:03,12.6300,83,3303808.0000,2613,S,12.6300,12.6200,12.6100,12.6000,12.5900,12.6400,12.6500,12.6600,12.6700,12.6800,442,3300,385,1164,307,3,131,1305,1043,1605
SZ,000001,2019-06-17 09:41:06,12.6300,16,418300.0000,331,S,12.6300,12.6200,12.6100,12.6000,12.5900,12.6400,12.6500,12.6600,12.6700,12.6800,412,3300,385,1164,307,67,737,1305,1058,1610
SZ,000001,2019-06-17 09:41:09,12.6300,11,164252.0000,130,S,12.6300,12.6200,12.6100,12.6000,12.5900,12.6400,12.6500,12.6600,12.6700,12.6800,715,3300,385,1164,307,25,1293,1305,1048,1800
SZ,000001,2019-06-17 09:41:12,12.6300,15,310712.0000,246,S,12.6300,12.6200,12.6100,12.6000,12.5900,12.6400,12.6500,12.6600,12.6700,12.6800,696,3300,385,1164,307,152,1293,1355,1048,1800
SZ,000001,2019-06-17 09:41:15,12.6400,23,1038312.0000,822,B,12.6200,12.6100,12.6000,12.5900,12.5800,12.6300,12.6400,12.6500,12.6600,12.6700,3462,385,1164,307,216,21,3251,1432,1355,1061
SZ,000001,2019-06-17 09:41:18,12.6400,20,2939440.0000,2326,B,12.6200,12.6100,12.6000,12.5900,12.5800,12.6400,12.6500,12.6600,12.6700,12.6800,3237,385,1164,307,216,1292,1936,1365,1061,1820
SZ,000001,2019-06-17 09:41:21,12.6300,6,31576.0000,25,S,12.6200,12.6100,12.6000,12.5900,12.5800,12.6300,12.6400,12.6500,12.6600,12.6700,3238,385,1251,307,216,491,1302,1916,1365,1156
SZ,000001,2019-06-17 09:41:24,12.6300,7,122456.0000,97,B,12.6200,12.6100,12.6000,12.5900,12.5800,12.6300,12.6400,12.6500,12.6600,12.6700,3179,385,1251,307,216,1210,2302,1957,1425,1156
SZ,000001,2019-06-17 09:41:27,12.6200,24,986968.0000,782,S,12.6200,12.6100,12.6000,12.5900,12.5800,12.6300,12.6400,12.6500,12.6600,12.6700,1983,375,1251,307,216,1332,2402,2030,1425,1156
SZ,000001,2019-06-17 09:41:30,12.6100,35,2616144.0000,2073,S,12.6100,12.6000,12.5900,12.5800,12.5700,12.6200,12.6300,12.6400,12.6500,12.6600,369,1251,307,213,879,2084,1333,2402,2044,1425
SZ,000001,2019-06-17 09:41:33,12.6100,21,549728.0000,436,S,12.6000,12.5900,12.5800,12.5700,12.5600,12.6100,12.6200,12.6300,12.6400,12.6500,1186,307,213,879,138,347,4647,1404,2302,2053
SZ,000001,2019-06-17 09:41:36,12.6000,17,659016.0000,523,S,12.6000,12.5900,12.5800,12.5700,12.5600,12.6100,12.6200,12.6300,12.6400,12.6500,116,307,213,879,138,333,4647,1404,2287,2053
SZ,000001,2019-06-17 09:41:39,12.5900,20,236848.0000,188,S,12.5900,12.5800,12.5700,12.5600,12.5500,12.6000,12.6100,12.6200,12.6300,12.6400,252,208,874,138,245,4,352,2614,1392,2295
SZ,000001,2019-06-17 09:41:42,12.5900,23,826904.0000,656,S,12.5900,12.5800,12.5700,12.5600,12.5500,12.6100,12.6200,12.6300,12.6400,12.6500,112,208,874,138,245,387,2604,1387,2311,2055
SZ,000001,2019-06-17 09:41:45,12.6100,8,84424.0000,67,B,12.6000,12.5900,12.5800,12.5700,12.5600,12.6100,12.6200,12.6300,12.6400,12.6500,1171,1,208,874,138,93,2604,1397,2319,2061
SZ,000001,2019-06-17 09:41:48,12.6000,8,64256.0000,51,S,12.6000,12.5900,12.5800,12.5700,12.5600,12.6100,12.6200,12.6300,12.6400,12.6500,1121,137,208,874,138,93,2614,1397,2319,2086
SZ,000001,2019-06-17 09:41:51,12.6000,8,36544.0000,29,S,12.6000,12.5900,12.5800,12.5700,12.5600,12.6100,12.6200,12.6300,12.6400,12.6500,1127,137,208,874,138,100,2614,1407,2319,2172
SZ,000001,2019-06-17 09:41:54,12.6100,11,213104.0000,169,B,12.6100,12.6000,12.5900,12.5800,12.5700,12.6200,12.6300,12.6400,12.6500,12.6600,1850,1127,637,218,874,2613,1407,2319,2272,1478
SZ,000001,2019-06-17 09:41:57,12.6100,8,132408.0000,105,S,12.6100,12.6000,12.5900,12.5800,12.5700,12.6200,12.6300,12.6400,12.6500,12.6600,1809,1124,637,218,874,2641,1410,2319,2272,1482
SZ,000001,2019-06-17 09:42:00,12.6100,16,1542504.0000,1223,S,12.6100,12.6000,12.5900,12.5800,12.5700,12.6200,12.6300,12.6400,12.6500,12.6600,881,1149,651,218,874,2341,1410,2427,2277,1462
SZ,000001,2019-06-17 09:42:03,12.6100,12,213120.0000,169,S,12.6100,12.6000,12.5900,12.5800,12.5700,12.6200,12.6300,12.6400,12.6500,12.6600,739,2242,651,224,874,2368,1410,2427,2287,1462
SZ,000001,2019-06-17 09:42:06,12.6100,6,49192.0000,39,S,12.6100,12.6000,12.5900,12.5800,12.5700,12.6200,12.6300,12.6400,12.6500,12.6600,717,2242,651,224,874,2359,1415,2427,2307,1547
SZ,000001,2019-06-17 09:42:09,12.6100,6,49192.0000,39,S,12.6100,12.6000,12.5900,12.5800,12.5700,12.6200,12.6300,12.6400,12.6500,12.6600,692,2252,651,201,851,2353,1415,2526,2317,1555
SZ,000001,2019-06-17 09:42:12,12.6100,4,17656.0000,14,S,12.6100,12.6000,12.5900,12.5800,12.5700,12.6200,12.6300,12.6400,12.6500,12.6600,683,2253,651,201,855,2353,1420,2626,2317,1555
SZ,000001,2019-06-17 09:42:15,12.6100,11,192968.0000,153,S,12.6100,12.6000,12.5900,12.5800,12.5700,12.6200,12.6300,12.6400,12.6500,12.6600,570,2303,651,206,855,2504,1460,2726,2345,1567
SZ,000001,2019-06-17 09:42:18,12.6100,15,1409544.0000,1117,S,12.6100,12.6000,12.5900,12.5800,12.5700,12.6200,12.6300,12.6400,12.6500,12.6600,454,2303,651,206,855,1551,1130,2726,2445,1677
SZ,000001,2019-06-17 09:42:21,12.6100,18,511968.0000,406,S,12.6100,12.6000,12.5900,12.5800,12.5700,12.6200,12.6300,12.6400,12.6500,12.6600,27,2451,651,206,855,1549,1130,2722,2444,1677
SZ,000001,2019-06-17 09:42:24,12.6200,10,124880.0000,99,B,12.6000,12.5900,12.5800,12.5700,12.5600,12.6100,12.6200,12.6300,12.6400,12.6500,2451,651,206,855,140,21,1507,1137,2722,2444
SZ,000001,2019-06-17 09:42:27,12.6000,5,21440.0000,17,S,12.6000,12.5900,12.5800,12.5700,12.5600,12.6100,12.6200,12.6300,12.6400,12.6500,2669,514,155,855,140,99,1443,1141,2722,2444
SZ,000001,2019-06-17 09:42:30,12.6100,10,61784.0000,49,B,12.6000,12.5900,12.5800,12.5700,12.5600,12.6100,12.6200,12.6300,12.6400,12.6500,2667,514,155,855,140,72,1443,1141,2732,2451
SZ,000001,2019-06-17 09:42:33,12.6000,13,316600.0000,251,S,12.6000,12.5900,12.5800,12.5700,12.5600,12.6100,12.6200,12.6300,12.6400,12.6500,2629,514,155,855,140,10,1365,1183,2772,2461
SZ,000001,2019-06-17 09:42:36,12.6000,5,264600.0000,210,S,12.6000,12.5900,12.5800,12.5700,12.5600,12.6100,12.6200,12.6300,12.6400,12.6500,2384,514,155,880,140,234,1375,1183,2782,2461
SZ,000001,2019-06-17 09:42:39,12.6000,5,23944.0000,19,S,12.6000,12.5900,12.5800,12.5700,12.5600,12.6100,12.6200,12.6300,12.6400,12.6500,2392,514,158,880,340,261,1375,1183,2782,2460
SZ,000001,2019-06-17 09:42:42,12.6100,8,136136.0000,108,B,12.6000,12.5900,12.5800,12.5700,12.5600,12.6100,12.6200,12.6300,12.6400,12.6500,2344,514,158,880,340,201,1375,1180,2782,2461
SZ,000001,2019-06-17 09:42:45,12.6200,10,297600.0000,236,B,12.6100,12.6000,12.5900,12.5800,12.5700,12.6200,12.6300,12.6400,12.6500,12.6600,1777,2347,514,158,880,1379,1180,1689,2461,1679
SZ,000001,2019-06-17 09:42:48,12.6100,8,1162440.0000,921,S,12.6100,12.6000,12.5900,12.5800,12.5700,12.6200,12.6300,12.6400,12.6500,12.6600,1427,2336,514,168,880,921,1185,1698,2501,1679
SZ,000001,2019-06-17 09:42:51,12.6200,8,928360.0000,736,B,12.6100,12.6000,12.5900,12.5800,12.5700,12.6200,12.6300,12.6400,12.6500,12.6600,1244,2291,514,188,880,456,1185,1698,2511,1699
SZ,000001,2019-06-17 09:42:54,12.6100,5,167712.0000,133,S,12.6100,12.6000,12.5900,12.5800,12.5700,12.6200,12.6300,12.6400,12.6500,12.6600,1256,2291,514,188,880,532,1185,1708,2511,1699
SZ,000001,2019-06-17 09:42:57,12.6200,24,898288.0000,712,B,12.6100,12.6000,12.5900,12.5800,12.5700,12.6200,12.6300,12.6400,12.6500,12.6600,1009,2271,514,188,880,116,1185,1778,2511,1699
SZ,000001,2019-06-17 09:43:00,12.6200,3,47936.0000,38,B,12.6100,12.6000,12.5900,12.5800,12.5700,12.6200,12.6300,12.6400,12.6500,12.6600,977,2271,514,188,881,181,1185,1778,2511,1699
SZ,000001,2019-06-17 09:43:03,12.6100,6,32536.0000,26,S,12.6100,12.6000,12.5900,12.5800,12.5700,12.6200,12.6300,12.6400,12.6500,12.6600,941,2271,514,188,881,1392,1195,1778,2516,1719
SZ,000001,2019-06-17 09:43:06,12.6200,8,113576.0000,90,B,12.6100,12.6000,12.5900,12.5800,12.5700,12.6200,12.6300,12.6400,12.6500,12.6600,971,2272,514,188,881,1844,1195,1778,2552,1719
SZ,000001,2019-06-17 09:43:09,12.6200,12,1448752.0000,1148,B,12.6100,12.6000,12.5900,12.5800,12.5700,12.6200,12.6300,12.6400,12.6500,12.6600,962,2272,514,188,881,741,1211,1778,2602,1719
SZ,000001,2019-06-17 09:43:12,12.6200,11,198008.0000,157,B,12.6100,12.6000,12.5900,12.5800,12.5700,12.6200,12.6300,12.6400,12.6500,12.6600,864,2272,514,188,881,1035,1247,1780,2601,1749
SZ,000001,2019-06-17 09:43:15,12.6300,26,1398256.0000,1108,B,12.6100,12.6000,12.5900,12.5800,12.5700,12.6300,12.6400,12.6500,12.6600,12.6700,1007,2272,514,188,861,1242,1790,2611,1749,1180
SZ,000001,2019-06-17 09:43:18,12.6200,12,204392.0000,162,S,12.6200,12.6100,12.6000,12.5900,12.5800,12.6300,12.6400,12.6500,12.6600,12.6700,47,909,2272,514,185,1254,1780,2611,1749,1180
SZ,000001,2019-06-17 09:43:21,12.6200,13,250016.0000,198,S,12.6200,12.6100,12.6000,12.5900,12.5800,12.6300,12.6400,12.6500,12.6600,12.6700,59,1175,2272,514,185,1194,1780,2611,1749,1180
SZ,000001,2019-06-17 09:43:24,12.6300,21,1161920.0000,920,B,12.6200,12.6100,12.6000,12.5900,12.5800,12.6300,12.6400,12.6500,12.6600,12.6700,68,1167,2260,14,185,313,1756,2611,1749,1174
SZ,000001,2019-06-17 09:43:27,12.6300,29,383816.0000,304,B,12.6200,12.6100,12.6000,12.5900,12.5800,12.6300,12.6400,12.6500,12.6600,12.6700,4,1167,2299,14,185,153,1756,2611,1749,1174
SZ,000001,2019-06-17 09:43:30,12.6300,8,99760.0000,79,B,12.6200,12.6100,12.6000,12.5900,12.5800,12.6300,12.6400,12.6500,12.6600,12.6700,644,1167,2303,14,185,616,1756,2611,1749,1174
SZ,000001,2019-06-17 09:43:33,12.6300,7,184272.0000,146,B,12.6200,12.6100,12.6000,12.5900,12.5800,12.6300,12.6400,12.6500,12.6600,12.6700,526,1209,2303,19,185,842,1756,2641,1749,1174
SZ,000001,2019-06-17 09:43:36,12.6300,11,159112.0000,126,B,12.6200,12.6100,12.6000,12.5900,12.5800,12.6300,12.6400,12.6500,12.6600,12.6700,502,1609,2303,19,185,802,1756,2641,1749,1174
SZ,000001,2019-06-17 09:43:39,12.6300,19,1040704.0000,824,B,12.6300,12.6200,12.6100,12.6000,12.5900,12.6400,12.6500,12.6600,12.6700,12.6800,268,496,1669,2303,19,1778,2141,1749,1184,2396
SZ,000001,2019-06-17 09:43:42,12.6300,10,443304.0000,351,S,12.6200,12.6100,12.6000,12.5900,12.5800,12.6300,12.6400,12.6500,12.6600,12.6700,529,1669,2303,19,185,45,1842,2185,1749,1204
SZ,000001,2019-06-17 09:43:45,12.6300,23,320800.0000,254,B,12.6300,12.6200,12.6100,12.6000,12.5900,12.6400,12.6500,12.6600,12.6700,12.6800,23,807,1675,2005,19,1728,2185,1749,1204,2396
SZ,000001,2019-06-17 09:43:48,12.6200,6,37592.0000,29,S,12.6300,12.6200,12.6100,12.6000,12.5900,12.6400,12.6500,12.6600,12.6700,12.6800,13,2100,1675,2006,29,1864,1575,1749,1204,2396
SZ,000001,2019-06-17 09:43:51,12.6300,13,251336.0000,199,S,12.6200,12.6100,12.6000,12.5900,12.5800,12.6300,12.6400,12.6500,12.6600,12.6700,2050,1675,2006,29,185,102,1915,1575,1749,1204
SZ,000001,2019-06-17 09:43:54,12.6400,16,233680.0000,185,B,12.6300,12.6200,12.6100,12.6000,12.5900,12.6400,12.6500,12.6600,12.6700,12.6800,170,1946,1535,2006,29,1813,1585,1749,1204,2329
SZ,000001,2019-06-17 09:43:57,12.6400,7,141520.0000,112,B,12.6300,12.6200,12.6100,12.6000,12.5900,12.6400,12.6500,12.6600,12.6700,12.6800,199,2099,1535,2006,29,1754,1585,1778,1204,2360
SZ,000001,2019-06-17 09:44:00,12.6300,5,121312.0000,96,S,12.6300,12.6200,12.6100,12.6000,12.5900,12.6400,12.6500,12.6600,12.6700,12.6800,436,2229,1505,2006,29,1855,1585,1782,1204,2425
SZ,000001,2019-06-17 09:44:03,12.6400,8,107408.0000,85,B,12.6300,12.6200,12.6100,12.6000,12.5900,12.6400,12.6500,12.6600,12.6700,12.6800,455,2179,1505,2006,29,1802,1625,1782,1204,2455
SZ,000001,2019-06-17 09:44:06,12.6400,4,31592.0000,25,B,12.6300,12.6200,12.6100,12.6000,12.5900,12.6400,12.6500,12.6600,12.6700,12.6800,462,2179,1505,2006,29,1813,1625,1717,1204,2465
SZ,000001,2019-06-17 09:44:09,12.6300,42,2062320.0000,1632,S,12.6200,12.6100,12.6000,12.5900,12.5800,12.6300,12.6400,12.6500,12.6600,12.6700,2179,1505,2023,29,185,76,755,1625,1724,1204
SZ,000001,2019-06-17 09:44:12,12.6300,6,99776.0000,79,B,12.6300,12.6200,12.6100,12.6000,12.5900,12.6400,12.6500,12.6600,12.6700,12.6800,149,2187,1649,2023,29,755,1628,1726,1204,2465
SZ,000001,2019-06-17 09:44:15,12.6300,1,208.0000,1,S,12.6300,12.6200,12.6100,12.6000,12.5900,12.6400,12.6500,12.6600,12.6700,12.6800,152,2204,1649,2023,29,807,1636,1729,1204,2465
SZ,000001,2019-06-17 09:44:18,12.6400,8,193344.0000,153,B,12.6300,12.6200,12.6100,12.6000,12.5900,12.6400,12.6500,12.6600,12.6700,12.6800,158,2204,1636,2023,29,708,1634,1729,1204,2535
SZ,000001,2019-06-17 09:44:21,12.6300,13,179440.0000,142,S,12.6300,12.6200,12.6100,12.6000,12.5900,12.6400,12.6500,12.6600,12.6700,12.6800,116,2204,1636,2023,29,688,1634,1735,1204,2535
SZ,000001,2019-06-17 09:44:24,12.6400,15,503072.0000,398,B,12.6300,12.6200,12.6100,12.6000,12.5900,12.6400,12.6500,12.6600,12.6700,12.6800,120,1974,1636,2023,29,356,1744,1735,1204,2535
SZ,000001,2019-06-17 09:44:27,12.6500,28,527096.0000,417,B,12.6300,12.6200,12.6100,12.6000,12.5900,12.6400,12.6500,12.6600,12.6700,12.6800,109,1974,1636,2023,29,3,1693,1735,1214,2535
SZ,000001,2019-06-17 09:44:30,12.6400,9,58144.0000,46,B,12.6300,12.6200,12.6100,12.6000,12.5900,12.6400,12.6500,12.6600,12.6700,12.6800,119,1974,1636,2023,29,12,1667,1735,1214,2540
SZ,000001,2019-06-17 09:44:33,12.6300,17,180672.0000,143,S,12.6300,12.6200,12.6100,12.6000,12.5900,12.6400,12.6500,12.6600,12.6700,12.6800,32,1509,1492,2023,49,5,1578,1685,1214,2590
SZ,000001,2019-06-17 09:44:36,12.6400,6,255328.0000,202,B,12.6400,12.6300,12.6200,12.6100,12.6000,12.6500,12.6600,12.6700,12.6800,12.6900,441,35,1492,1492,2023,1687,1685,1314,2590,3480
SZ,000001,2019-06-17 09:44:39,12.6400,38,1433112.0000,1133,S,12.6400,12.6300,12.6200,12.6100,12.6000,12.6500,12.6600,12.6700,12.6800,12.6900,436,32,1492,1470,2019,687,1685,1314,2612,3480
SZ,000001,2019-06-17 09:44:42,12.6400,5,37936.0000,30,S,12.6400,12.6300,12.6200,12.6100,12.6000,12.6500,12.6600,12.6700,12.6800,12.6900,432,74,1492,1470,2019,754,1677,1314,2632,3480
SZ,000001,2019-06-17 09:44:45,12.6500,12,117632.0000,93,B,12.6400,12.6300,12.6200,12.6100,12.6000,12.6500,12.6600,12.6700,12.6800,12.6900,424,255,1492,1470,2020,695,1677,1314,2662,3480
SZ,000001,2019-06-17 09:44:48,12.6400,9,93568.0000,74,S,12.6400,12.6300,12.6200,12.6100,12.6000,12.6500,12.6600,12.6700,12.6800,12.6900,384,265,1492,1470,2020,1000,1677,1316,2662,3480
SZ,000001,2019-06-17 09:44:51,12.6400,5,145360.0000,115,S,12.6400,12.6300,12.6200,12.6100,12.6000,12.6500,12.6600,12.6700,12.6800,12.6900,337,265,1517,1470,2020,1098,1690,1316,2662,3480
SZ,000001,2019-06-17 09:44:54,12.6500,39,1149880.0000,909,B,12.6400,12.6300,12.6200,12.6100,12.6000,12.6500,12.6600,12.6700,12.6800,12.6900,351,401,1217,1470,2020,198,1690,1296,2662,3615
SZ,000001,2019-06-17 09:44:57,12.6400,9,178360.0000,141,S,12.6400,12.6300,12.6200,12.6100,12.6000,12.6500,12.6600,12.6700,12.6800,12.6900,389,404,1217,1470,2020,178,1690,1296,2682,3615
SZ,000001,2019-06-17 09:45:00,12.6500,4,46776.0000,37,B,12.6400,12.6300,12.6200,12.6100,12.6000,12.6500,12.6600,12.6700,12.6800,12.6900,358,404,1217,1470,2020,189,1680,1307,2679,3615
SZ,000001,2019-06-17 09:45:03,12.6500,14,139128.0000,110,B,12.6400,12.6300,12.6200,12.6100,12.6000,12.6500,12.6600,12.6700,12.6800,12.6900,348,404,1212,1470,2020,191,1680,1310,2679,3615
SZ,000001,2019-06-17 09:45:06,12.6400,16,305992.0000,242,S,12.6400,12.6300,12.6200,12.6100,12.6000,12.6500,12.6600,12.6700,12.6800,12.6900,196,404,1212,1470,2020,401,1680,1310,2682,3642
SZ,000001,2019-06-17 09:45:09,12.6400,22,672776.0000,532,S,12.6300,12.6200,12.6100,12.6000,12.5900,12.6500,12.6600,12.6700,12.6800,12.6900,404,1212,1470,2020,49,324,1680,1315,2685,3660
SZ,000001,2019-06-17 09:45:12,12.6500,19,479424.0000,379,B,12.6300,12.6200,12.6100,12.6000,12.5900,12.6400,12.6500,12.6600,12.6700,12.6800,625,1212,1470,2020,49,10,143,1684,1315,2700
SZ,000001,2019-06-17 09:45:15,12.6500,15,1030936.0000,815,B,12.6300,12.6200,12.6100,12.6000,12.5900,12.6500,12.6600,12.6700,12.6800,12.6900,646,1212,1470,2020,49,89,1681,1326,2720,3644
SZ,000001,2019-06-17 09:45:18,12.6300,16,386752.0000,306,S,12.6300,12.6200,12.6100,12.6000,12.5900,12.6500,12.6600,12.6700,12.6800,12.6900,620,1212,1470,2020,49,482,1681,1346,2720,3647
SZ,000001,2019-06-17 09:45:21,12.6300,30,911784.0000,722,S,12.6200,12.6100,12.6000,12.5900,12.5800,12.6300,12.6500,12.6600,12.6700,12.6800,1112,1470,2020,49,129,11,671,1711,1564,2724
SZ,000001,2019-06-17 09:45:24,12.6200,5,375656.0000,297,S,12.6200,12.6100,12.6000,12.5900,12.5800,12.6300,12.6500,12.6600,12.6700,12.6800,1171,1616,2020,49,129,3,403,1762,1564,2724
SZ,000001,2019-06-17 09:45:27,12.6200,6,80784.0000,64,S,12.6200,12.6100,12.6000,12.5900,12.5800,12.6400,12.6500,12.6600,12.6700,12.6800,1114,1616,2020,49,129,7,447,1762,1564,2724
SZ,000001,2019-06-17 09:45:30,12.6300,7,80832.0000,64,B,12.6200,12.6100,12.6000,12.5900,12.5800,12.6300,12.6400,12.6500,12.6600,12.6700,1287,1470,2020,49,129,12,7,863,1762,1897
SZ,000001,2019-06-17 09:45:33,12.6200,3,41640.0000,33,S,12.6200,12.6100,12.6000,12.5900,12.5800,12.6300,12.6400,12.6500,12.6600,12.6700,1255,1470,937,49,129,17,7,887,1805,1897
SZ,000001,2019-06-17 09:45:36,12.6200,10,309656.0000,245,S,12.6300,12.6200,12.6100,12.6000,12.5900,12.6400,12.6500,12.6600,12.6700,12.6800,83,1554,1470,937,49,22,1082,1805,1907,3035
SZ,000001,2019-06-17 09:45:39,12.6400,4,50560.0000,40,B,12.6300,12.6200,12.6100,12.6000,12.5900,12.6400,12.6500,12.6600,12.6700,12.6800,348,1551,1470,942,49,3,1209,1815,1927,3017
SZ,000001,2019-06-17 09:45:42,12.6300,6,27792.0000,22,S,12.6300,12.6200,12.6100,12.6000,12.5900,12.6400,12.6500,12.6600,12.6700,12.6800,328,1601,1470,942,49,50,1336,1935,1962,3017
SZ,000001,2019-06-17 09:45:45,12.6300,1,27784.0000,22,S,12.6300,12.6200,12.6100,12.6000,12.5900,12.6400,12.6500,12.6600,12.6700,12.6800,523,2093,1470,945,49,140,2113,1942,1962,3037
SZ,000001,2019-06-17 09:45:48,12.6400,4,39160.0000,31,B,12.6300,12.6200,12.6100,12.6000,12.5900,12.6400,12.6500,12.6600,12.6700,12.6800,497,2102,1470,945,49,975,2129,1962,1965,3037
SZ,000001,2019-06-17 09:45:51,12.6300,2,5048.0000,4,S,12.6300,12.6200,12.6100,12.6000,12.5900,12.6400,12.6500,12.6600,12.6700,12.6800,497,2102,1470,945,49,1000,2162,1962,2075,3037
SZ,000001,2019-06-17 09:45:54,12.6400,12,1188160.0000,940,B,12.6300,12.6200,12.6100,12.6000,12.5900,12.6400,12.6500,12.6600,12.6700,12.6800,497,2111,1470,945,49,72,2182,1962,2075,3087
SZ,000001,2019-06-17 09:45:57,12.6300,7,80840.0000,64,S,12.6300,12.6200,12.6100,12.6000,12.5900,12.6400,12.6500,12.6600,12.6700,12.6800,439,2254,1428,945,49,103,2256,1962,2070,3087
SZ,000001,2019-06-17 09:46:00,12.6300,4,51800.0000,41,S,12.6300,12.6200,12.6100,12.6000,12.5900,12.6400,12.6500,12.6600,12.6700,12.6800,421,2251,1428,945,49,253,2280,1962,2173,3087
SZ,000001,2019-06-17 09:46:03,12.6300,18,540560.0000,428,S,12.6200,12.6100,12.6000,12.5900,12.5800,12.6300,12.6400,12.6500,12.6600,12.6700,2251,1428,945,49,208,100,288,2490,1962,2163
SZ,000001,2019-06-17 09:46:06,12.6300,5,39152.0000,31,B,12.6200,12.6100,12.6000,12.5900,12.5800,12.6300,12.6400,12.6500,12.6600,12.6700,2257,1428,955,49,208,71,323,2550,1961,2163
SZ,000001,2019-06-17 09:46:09,12.6300,3,70728.0000,56,B,12.6200,12.6100,12.6000,12.5900,12.5800,12.6300,12.6400,12.6500,12.6600,12.6700,2359,1428,1055,49,203,15,325,2576,1961,2163
SZ,000001,2019-06-17 09:46:12,12.6400,11,80840.0000,64,B,12.6300,12.6200,12.6100,12.6000,12.5900,12.6400,12.6500,12.6600,12.6700,12.6800,62,2363,1428,1054,49,323,2586,1961,2163,3119
SZ,000001,2019-06-17 09:46:15,12.6400,9,127632.0000,101,B,12.6300,12.6200,12.6100,12.6000,12.5900,12.6400,12.6500,12.6600,12.6700,12.6800,94,1636,1428,1054,49,257,2581,1948,2163,3119
SZ,000001,2019-06-17 09:46:18,12.6400,15,337456.0000,267,B,12.6300,12.6200,12.6100,12.6000,12.5900,12.6400,12.6500,12.6600,12.6700,12.6800,165,1542,1428,1054,60,618,2616,1948,2163,3169
SZ,000001,2019-06-17 09:46:21,12.6400,11,99848.0000,79,B,12.6300,12.6200,12.6100,12.6000,12.5900,12.6400,12.6500,12.6600,12.6700,12.6800,178,1542,1428,1054,49,587,2641,1948,2167,3169
SZ,000001,2019-06-17 09:46:24,12.6400,19,885784.0000,701,B,12.6300,12.6200,12.6100,12.6000,12.5900,12.6400,12.6500,12.6600,12.6700,12.6800,3,1509,1428,1055,49,1422,2641,1948,2167,3169
SZ,000001,2019-06-17 09:46:27,12.6400,22,1280264.0000,1013,B,12.6200,12.6100,12.6000,12.5900,12.5800,12.6300,12.6400,12.6500,12.6600,12.6700,1491,1428,1066,79,213,13,601,2651,1948,2167
SZ,000001,2019-06-17 09:46:30,12.6400,8,958096.0000,758,B,12.6400,12.6300,12.6200,12.6100,12.6000,12.6500,12.6600,12.6700,12.6800,12.6900,4,414,1577,1428,1066,2652,1968,2163,3169,4190
SZ,000001,2019-06-17 09:46:33,12.6400,4,27824.0000,22,S,12.6300,12.6200,12.6100,12.6000,12.5900,12.6400,12.6500,12.6600,12.6700,12.6800,440,1575,1428,1066,79,34,2490,1968,2174,3169
SZ,000001,2019-06-17 09:46:36,12.6300,4,15160.0000,12,S,12.6300,12.6200,12.6100,12.6000,12.5900,12.6400,12.6500,12.6600,12.6700,12.6800,524,1491,1428,1076,79,52,2495,1968,2174,3169
SZ,000001,2019-06-17 09:46:39,12.6300,12,151720.0000,120,S,12.6300,12.6200,12.6100,12.6000,12.5900,12.6400,12.6500,12.6600,12.6700,12.6800,516,1491,1428,1065,79,51,2474,1968,2174,3179
SZ,000001,2019-06-17 09:46:42,12.6300,4,84624.0000,67,S,12.6300,12.6200,12.6100,12.6000,12.5900,12.6400,12.6500,12.6600,12.6700,12.6800,457,1491,1428,1065,79,47,2479,1972,2174,3179
SZ,000001,2019-06-17 09:46:45,12.6300,14,610048.0000,483,S,12.6300,12.6200,12.6100,12.6000,12.5900,12.6400,12.6500,12.6600,12.6700,12.6800,44,1491,1428,1065,79,601,2481,1972,2174,3185
SZ,000001,2019-06-17 09:46:48,12.6400,9,122480.0000,97,B,12.6300,12.6200,12.6100,12.6000,12.5900,12.6400,12.6500,12.6600,12.6700,12.6800,1,1454,1428,1065,79,597,2489,1972,2184,3155
SZ,000001,2019-06-17 09:46:51,12.6300,2,2520.0000,2,S,12.6300,12.6200,12.6100,12.6000,12.5900,12.6400,12.6500,12.6600,12.6700,12.6800,41,1454,1428,1065,79,707,2539,1952,2184,3155
SZ,000001,2019-06-17 09:46:54,12.6400,4,609248.0000,482,B,12.6300,12.6200,12.6100,12.6000,12.5900,12.6400,12.6500,12.6600,12.6700,12.6800,42,1454,1428,1065,79,230,2564,1952,2184,3145
SZ,000001,2019-06-17 09:46:57,12.6400,4,22744.0000,18,B,12.6300,12.6200,12.6100,12.6000,12.5900,12.6400,12.6500,12.6600,12.6700,12.6800,43,1454,1428,1065,84,248,2650,1692,2189,3215
SZ,000001,2019-06-17 09:47:00,12.6400,6,55576.0000,44,B,12.6300,12.6200,12.6100,12.6000,12.5900,12.6400,12.6500,12.6600,12.6700,12.6800,1004,1374,1428,1065,84,367,2661,1692,2189,3278
SZ,000001,2019-06-17 09:47:03,12.6300,8,615080.0000,487,S,12.6300,12.6200,12.6100,12.6000,12.5900,12.6400,12.6500,12.6600,12.6700,12.6800,528,1049,1428,1065,84,423,2671,1692,2189,3278
SZ,000001,2019-06-17 09:47:06,12.6400,9,169376.0000,134,B,12.6300,12.6200,12.6100,12.6000,12.5900,12.6400,12.6500,12.6600,12.6700,12.6800,683,999,1428,1065,84,353,2671,1692,2239,3278
SZ,000001,2019-06-17 09:47:09,12.6400,13,371616.0000,294,B,12.6300,12.6200,12.6100,12.6000,12.5900,12.6400,12.6500,12.6600,12.6700,12.6800,817,979,1428,1065,84,80,2674,1692,2235,3278
SZ,000001,2019-06-17 09:47:12,12.6400,7,98552.0000,78,B,12.6300,12.6200,12.6100,12.6000,12.5900,12.6400,12.6500,12.6600,12.6700,12.6800,874,976,1422,1065,84,370,2784,1693,2235,3278
SZ,000001,2019-06-17 09:47:15,12.6300,6,288088.0000,228,S,12.6300,12.6200,12.6100,12.6000,12.5900,12.6400,12.6500,12.6600,12.6700,12.6800,772,976,1422,1081,84,327,2784,1693,2235,3278
SZ,000001,2019-06-17 09:47:18,12.6300,7,37904.0000,30,S,12.6300,12.6200,12.6100,12.6000,12.5900,12.6400,12.6500,12.6600,12.6700,12.6800,822,976,1422,1081,84,364,2779,1693,2235,3268
SZ,000001,2019-06-17 09:47:21,12.6300,16,1102648.0000,873,S,12.6200,12.6100,12.6000,12.5900,12.5800,12.6300,12.6400,12.6500,12.6600,12.6700,976,1422,1107,84,202,182,1033,2790,1693,2235
SZ,000001,2019-06-17 09:47:24,12.6400,11,496472.0000,393,B,12.6300,12.6200,12.6100,12.6000,12.5900,12.6400,12.6500,12.6600,12.6700,12.6800,24,980,1422,1107,84,957,2793,1693,2235,3289
SZ,000001,2019-06-17 09:47:27,12.6200,10,74512.0000,59,S,12.6200,12.6100,12.6000,12.5900,12.5800,12.6300,12.6400,12.6500,12.6600,12.6700,970,1422,1107,84,202,66,981,2814,1693,2235
SZ,000001,2019-06-17 09:47:30,12.6300,4,280168.0000,222,B,12.6200,12.6100,12.6000,12.5900,12.5800,12.6300,12.6400,12.6500,12.6600,12.6700,750,1422,1107,84,202,90,981,2804,1693,2235
SZ,000001,2019-06-17 09:47:33,12.6400,9,159128.0000,126,B,12.6200,12.6100,12.6000,12.5900,12.5800,12.6400,12.6500,12.6600,12.6700,12.6800,742,1422,1107,84,202,1024,2804,1693,2235,3289
SZ,000001,2019-06-17 09:47:36,12.6300,3,6320.0000,5,S,12.6200,12.6100,12.6000,12.5900,12.5800,12.6300,12.6400,12.6500,12.6600,12.6700,1249,1422,1111,84,202,55,1036,2814,1793,2235
SZ,000001,2019-06-17 09:47:39,12.6300,6,122536.0000,97,B,12.6300,12.6200,12.6100,12.6000,12.5900,12.6400,12.6500,12.6600,12.6700,12.6800,45,1341,1570,1111,84,1005,2816,1793,2235,3298
SZ,000001,2019-06-17 09:47:42,12.6300,5,50528.0000,40,S,12.6300,12.6200,12.6100,12.6000,12.5900,12.6400,12.6500,12.6600,12.6700,12.6800,29,1339,1570,1111,84,1021,2819,1783,2235,3298
SZ,000001,2019-06-17 09:47:45,12.6200,9,63128.0000,50,S,12.6200,12.6100,12.6000,12.5900,12.5800,12.6300,12.6400,12.6500,12.6600,12.6700,1236,1510,1111,84,202,10,1034,2819,1833,2235
SZ,000001,2019-06-17 09:47:48,12.6300,4,23992.0000,19,B,12.6200,12.6100,12.6000,12.5900,12.5800,12.6300,12.6400,12.6500,12.6600,12.6700,1229,1362,1116,84,202,47,1611,2845,1833,2235
SZ,000001,2019-06-17 09:47:51,12.6200,6,49224.0000,39,S,12.6200,12.6100,12.6000,12.5900,12.5800,12.6300,12.6400,12.6500,12.6600,12.6700,1447,1362,1116,84,202,105,1653,2855,1833,2247
SZ,000001,2019-06-17 09:47:54,12.6300,5,109880.0000,87,B,12.6200,12.6100,12.6000,12.5900,12.5800,12.6300,12.6400,12.6500,12.6600,12.6700,1470,1362,1116,84,202,59,1653,2859,1833,2247
SZ,000001,2019-06-17 09:47:57,12.6300,3,37872.0000,30,B,12.6200,12.6100,12.6000,12.5900,12.5800,12.6300,12.6400,12.6500,12.6600,12.6700,1450,1362,1116,84,267,80,1663,2856,1833,2254
SZ,000001,2019-06-17 09:48:00,12.6300,7,60592.0000,48,B,12.6200,12.6100,12.6000,12.5900,12.5800,12.6300,12.6400,12.6500,12.6600,12.6700,1419,1362,1116,84,267,82,1643,2856,1833,2254
SZ,000001,2019-06-17 09:48:03,12.6200,10,132584.0000,105,S,12.6200,12.6100,12.6000,12.5900,12.5800,12.6300,12.6400,12.6500,12.6600,12.6700,1377,1362,1116,84,267,55,1643,2251,1838,2254
SZ,000001,2019-06-17 09:48:06,12.6300,4,15152.0000,12,B,12.6200,12.6100,12.6000,12.5900,12.5800,12.6300,12.6400,12.6500,12.6600,12.6700,1376,1362,1116,84,267,44,1636,2258,1838,2254
SZ,000001,2019-06-17 09:48:09,12.6200,13,405152.0000,321,S,12.6200,12.6100,12.6000,12.5900,12.5800,12.6300,12.6400,12.6500,12.6600,12.6700,1127,1362,1116,84,267,2,1625,2268,1838,2254
SZ,000001,2019-06-17 09:48:12,12.6300,5,45472.0000,36,B,12.6200,12.6100,12.6000,12.5900,12.5800,12.6300,12.6400,12.6500,12.6600,12.6700,1191,1362,1116,84,267,219,1639,2272,1870,2254
SZ,000001,2019-06-17 09:48:15,12.6200,3,74472.0000,59,S,12.6200,12.6100,12.6000,12.5900,12.5800,12.6300,12.6400,12.6500,12.6600,12.6700,1232,1512,1116,84,267,310,1639,2262,1873,2254
SZ,000001,2019-06-17 09:48:18,12.6200,18,670144.0000,531,S,12.6200,12.6100,12.6000,12.5900,12.5800,12.6300,12.6400,12.6500,12.6600,12.6700,727,1512,1116,84,267,346,1669,2262,1873,2286
SZ,000001,2019-06-17 09:48:21,12.6200,3,5048.0000,4,S,12.6200,12.6100,12.6000,12.5900,12.5800,12.6300,12.6400,12.6500,12.6600,12.6700,723,1512,1116,84,267,1077,1669,2282,1873,2286
SZ,000001,2019-06-17 09:48:24,12.6300,18,1322024.0000,1047,B,12.6200,12.6100,12.6000,12.5900,12.5800,12.6300,12.6400,12.6500,12.6600,12.6700,343,1512,1116,84,371,376,1659,2112,1873,2286
SZ,000001,2019-06-17 09:48:27,12.6200,18,550040.0000,435,S,12.6100,12.6000,12.5900,12.5800,12.5700,12.6200,12.6300,12.6400,12.6500,12.6600,1471,1129,84,371,958,198,332,1666,2150,1873
SZ,000001,2019-06-17 09:48:30,12.6100,3,87064.0000,69,S,12.6100,12.6000,12.5900,12.5800,12.5700,12.6200,12.6300,12.6400,12.6500,12.6600,1463,1129,84,371,958,154,370,1676,2133,1889
SZ,000001,2019-06-17 09:48:33,12.6200,8,176664.0000,140,B,12.6100,12.6000,12.5900,12.5800,12.5700,12.6200,12.6300,12.6400,12.6500,12.6600,1538,1119,84,371,958,104,380,1686,2128,1889
SZ,000001,2019-06-17 09:48:36,12.6200,11,155432.0000,124,B,12.6200,12.6100,12.6000,12.5900,12.5800,12.6300,12.6400,12.6500,12.6600,12.6700,100,1541,1119,84,371,388,1677,2128,1884,2171
SZ,000001,2019-06-17 09:48:39,12.6200,5,332136.0000,263,S,12.6200,12.6100,12.6000,12.5900,12.5800,12.6300,12.6400,12.6500,12.6600,12.6700,91,1447,1119,84,371,341,1883,2133,1894,2171
SZ,000001,2019-06-17 09:48:42,12.6300,15,262696.0000,208,B,12.6200,12.6100,12.6000,12.5900,12.5800,12.6300,12.6400,12.6500,12.6600,12.6700,82,1460,1119,88,376,146,1883,2143,2124,2171
SZ,000001,2019-06-17 09:48:45,12.6300,14,196856.0000,156,B,12.6200,12.6100,12.6000,12.5900,12.5800,12.6300,12.6400,12.6500,12.6600,12.6700,61,1443,1119,88,376,177,1888,2124,2124,2171
SZ,000001,2019-06-17 09:48:48,12.6200,5,23976.0000,19,S,12.6200,12.6100,12.6000,12.5900,12.5800,12.6300,12.6400,12.6500,12.6600,12.6700,76,1443,1119,118,376,273,1888,2134,2124,2171
SZ,000001,2019-06-17 09:48:51,12.6300,4,27768.0000,22,B,12.6200,12.6100,12.6000,12.5900,12.5800,12.6300,12.6400,12.6500,12.6600,12.6700,185,1443,1119,118,376,309,2010,2164,2159,2171
SZ,000001,2019-06-17 09:48:54,12.6300,19,414224.0000,328,B,12.6200,12.6100,12.6000,12.5900,12.5800,12.6300,12.6400,12.6500,12.6600,12.6700,148,1443,1119,118,376,41,2024,2164,2164,2171
SZ,000001,2019-06-17 09:48:57,12.6200,4,85816.0000,68,S,12.6200,12.6100,12.6000,12.5900,12.5800,12.6300,12.6400,12.6500,12.6600,12.6700,101,1443,1099,118,382,113,2024,2164,2164,2171
SZ,000001,2019-06-17 09:49:00,12.6300,6,136400.0000,108,B,12.6200,12.6100,12.6000,12.5900,12.5800,12.6300,12.6400,12.6500,12.6600,12.6700,93,1443,1099,118,382,61,2291,2174,2176,2259
SZ,000001,2019-06-17 09:49:03,12.6200,6,68144.0000,54,S,12.6200,12.6100,12.6000,12.5900,12.5800,12.6300,12.6400,12.6500,12.6600,12.6700,57,1443,1099,118,382,76,2391,2174,2176,2248
SZ,000001,2019-06-17 09:49:06,12.6200,2,16408.0000,13,S,12.6200,12.6100,12.6000,12.5900,12.5800,12.6300,12.6400,12.6500,12.6600,12.6700,1044,1443,1099,118,382,176,2404,2139,2176,2248
SZ,000001,2019-06-17 09:49:09,12.6300,21,284056.0000,225,B,12.6200,12.6100,12.6000,12.5900,12.5800,12.6300,12.6400,12.6500,12.6600,12.6700,930,1443,1099,118,382,76,2494,2131,2176,2248
SZ,000001,2019-06-17 09:49:12,12.6200,4,21464.0000,17,S,12.6200,12.6100,12.6000,12.5900,12.5800,12.6300,12.6400,12.6500,12.6600,12.6700,1019,1443,1099,118,382,127,2498,2081,2176,2248
SZ,000001,2019-06-17 09:49:15,12.6200,1,20192.0000,16,S,12.6200,12.6100,12.6000,12.5900,12.5800,12.6300,12.6400,12.6500,12.6600,12.6700,1110,1443,1107,118,382,278,2504,2091,2176,2248
SZ,000001,2019-06-17 09:49:18,12.6200,6,31560.0000,25,S,12.6200,12.6100,12.6000,12.5900,12.5800,12.6300,12.6400,12.6500,12.6600,12.6700,1091,1443,1107,118,382,1292,2504,2086,2122,2273
SZ,000001,2019-06-17 09:49:21,12.6200,5,69440.0000,55,S,12.6200,12.6100,12.6000,12.5900,12.5800,12.6300,12.6400,12.6500,12.6600,12.6700,1073,1443,1107,118,382,1289,2504,2086,2122,2253
SZ,000001,2019-06-17 09:49:24,12.6300,17,1377856.0000,1091,B,12.6200,12.6100,12.6000,12.5900,12.5800,12.6300,12.6400,12.6500,12.6600,12.6700,993,1443,1107,118,382,427,2506,2086,2130,2253
SZ,000001,2019-06-17 09:49:27,12.6200,4,183128.0000,145,S,12.6200,12.6100,12.6000,12.5900,12.5800,12.6300,12.6400,12.6500,12.6600,12.6700,997,1443,1107,118,382,292,2502,2089,2130,2253
SZ,000001,2019-06-17 09:49:30,12.6200,6,117400.0000,93,S,12.6200,12.6100,12.6000,12.5900,12.5800,12.6300,12.6400,12.6500,12.6600,12.6700,1079,1443,1107,118,382,279,2502,2087,2130,2253
SZ,000001,2019-06-17 09:49:33,12.6200,5,644880.0000,511,S,12.6200,12.6100,12.6000,12.5900,12.5800,12.6300,12.6400,12.6500,12.6600,12.6700,568,1443,1107,98,382,318,2508,2087,2130,2253
SZ,000001,2019-06-17 09:49:36,12.6200,2,30288.0000,24,S,12.6200,12.6100,12.6000,12.5900,12.5800,12.6300,12.6400,12.6500,12.6600,12.6700,547,1443,1137,98,382,368,2516,2148,2130,2253
SZ,000001,2019-06-17 09:49:39,12.6300,16,367528.0000,291,B,12.6200,12.6100,12.6000,12.5900,12.5800,12.6300,12.6400,12.6500,12.6600,12.6700,574,1443,1137,98,382,308,2516,2148,2130,2263
SZ,000001,2019-06-17 09:49:42,12.6200,3,12616.0000,10,S,12.6200,12.6100,12.6000,12.5900,12.5800,12.6300,12.6400,12.6500,12.6600,12.6700,1190,1443,1137,98,382,318,2536,2199,2142,2268
SZ,000001,2019-06-17 09:49:45,12.6300,2,10104.0000,8,B,12.6200,12.6100,12.6000,12.5900,12.5800,12.6300,12.6400,12.6500,12.6600,12.6700,1184,1443,1137,98,382,378,2536,2199,2162,2268
SZ,000001,2019-06-17 09:49:48,12.6200,1,2528.0000,2,S,12.6200,12.6100,12.6000,12.5900,12.5800,12.6300,12.6400,12.6500,12.6600,12.6700,1189,1443,1137,98,382,538,2536,2193,2162,2268
SZ,000001,2019-06-17 09:49:51,12.6200,1,2520.0000,2,S,12.6200,12.6100,12.6000,12.5900,12.5800,12.6300,12.6400,12.6500,12.6600,12.6700,1488,1444,1137,98,382,546,2536,2193,2162,2268
SZ,000001,2019-06-17 09:49:54,12.6300,11,544352.0000,431,B,12.6200,12.6100,12.6000,12.5900,12.5800,12.6300,12.6400,12.6500,12.6600,12.6700,1501,1444,1137,98,382,328,2538,2163,2162,2268
SZ,000001,2019-06-17 09:49:57,12.6300,8,190600.0000,151,B,12.6200,12.6100,12.6000,12.5900,12.5800,12.6300,12.6400,12.6500,12.6600,12.6700,1386,1444,1137,98,382,334,2538,2168,2162,2258
SZ,000001,2019-06-17 09:50:00,12.6300,10,181864.0000,144,B,12.6200,12.6100,12.6000,12.5900,12.5800,12.6300,12.6400,12.6500,12.6600,12.6700,1376,1444,1137,98,382,505,2548,2186,2162,2258
SZ,000001,2019-06-17 09:50:03,12.6200,12,188152.0000,149,S,12.6200,12.6100,12.6000,12.5900,12.5800,12.6300,12.6400,12.6500,12.6600,12.6700,1340,1444,1137,98,382,392,2534,2196,2155,2258
SZ,000001,2019-06-17 09:50:06,12.6200,14,173032.0000,137,S,12.6200,12.6100,12.6000,12.5900,12.5800,12.6300,12.6400,12.6500,12.6600,12.6700,1362,1444,1137,98,382,260,2540,2212,2126,2259
SZ,000001,2019-06-17 09:50:09,12.6300,13,323320.0000,256,B,12.6200,12.6100,12.6000,12.5900,12.5800,12.6300,12.6400,12.6500,12.6600,12.6700,1310,1444,1137,98,382,82,2540,2212,2126,2259
SZ,000001,2019-06-17 09:50:12,12.6200,25,377456.0000,299,S,12.6200,12.6100,12.6000,12.5900,12.5800,12.6400,12.6500,12.6600,12.6700,12.6800,1284,1444,1137,113,382,2540,2222,2126,2259,3427
SZ,000001,2019-06-17 09:50:15,12.6400,7,170512.0000,135,B,12.6200,12.6100,12.6000,12.5900,12.5800,12.6400,12.6500,12.6600,12.6700,12.6800,1255,1444,1137,118,382,2508,2233,2226,2259,3427
SZ,000001,2019-06-17 09:50:18,12.6200,3,16400.0000,13,S,12.6200,12.6100,12.6000,12.5900,12.5800,12.6400,12.6500,12.6600,12.6700,12.6800,1287,1459,1137,118,412,2513,2136,2246,2259,3422
SZ,000001,2019-06-17 09:50:21,12.6300,33,1696872.0000,1343,B,12.6200,12.6100,12.6000,12.5900,12.5800,12.6300,12.6400,12.6500,12.6600,12.6700,959,1459,1137,118,412,8,1518,2140,2246,2259
SZ,000001,2019-06-17 09:50:24,12.6200,21,483696.0000,383,S,12.6200,12.6100,12.6000,12.5900,12.5800,12.6400,12.6500,12.6600,12.6700,12.6800,987,1294,1137,118,412,1360,2157,2242,2259,3411
SZ,000001,2019-06-17 09:50:27,12.6400,4,83400.0000,66,B,12.6200,12.6100,12.6000,12.5900,12.5800,12.6400,12.6500,12.6600,12.6700,12.6800,1015,1294,1147,118,412,1305,2127,2242,2261,3411
SZ,000001,2019-06-17 09:50:30,12.6400,7,87184.0000,69,B,12.6300,12.6200,12.6100,12.6000,12.5900,12.6400,12.6500,12.6600,12.6700,12.6800,5,1037,1294,1147,118,1288,2179,2242,2261,3411
SZ,000001,2019-06-17 09:50:33,12.6300,18,150320.0000,119,S,12.6300,12.6200,12.6100,12.6000,12.5900,12.6400,12.6500,12.6600,12.6700,12.6800,50,966,1294,1147,118,1273,2184,2242,2261,3423
SZ,000001,2019-06-17 09:50:36,12.6300,6,151656.0000,120,S,12.6300,12.6200,12.6100,12.6000,12.5900,12.6400,12.6500,12.6600,12.6700,12.6800,47,940,1294,1149,118,1235,2204,2242,2161,3423
SZ,000001,2019-06-17 09:50:39,12.6400,38,1380200.0000,1092,B,12.6200,12.6100,12.6000,12.5900,12.5800,12.6300,12.6400,12.6500,12.6600,12.6700,1145,1294,1149,118,412,1,252,2209,2243,2161
SZ,000001,2019-06-17 09:50:42,12.6300,15,40424.0000,32,B,12.6300,12.6200,12.6100,12.6000,12.5900,12.6400,12.6500,12.6600,12.6700,12.6800,1275,1145,1294,1178,118,225,2209,2243,2161,3423
SZ,000001,2019-06-17 09:50:45,12.6400,23,300824.0000,238,B,12.6400,12.6300,12.6200,12.6100,12.6000,12.6500,12.6600,12.6700,12.6800,12.6900,677,1131,2146,1294,1178,2169,2245,2161,3423,4056
SZ,000001,2019-06-17 09:50:48,12.6500,24,695736.0000,550,B,12.6400,12.6300,12.6200,12.6100,12.6000,12.6500,12.6600,12.6700,12.6800,12.6900,677,1285,2137,1294,1178,1634,2245,2162,3423,3958
SZ,000001,2019-06-17 09:50:51,12.6400,34,818352.0000,647,S,12.6400,12.6300,12.6200,12.6100,12.6000,12.6500,12.6600,12.6700,12.6800,12.6900,612,249,2031,1294,1178,1099,2255,2162,3425,3958
SZ,000001,2019-06-17 09:50:54,12.6600,98,1986512.0000,1570,B,12.6500,12.6400,12.6300,12.6200,12.6100,12.6600,12.6700,12.6800,12.6900,12.7000,10,143,333,1945,1294,1784,2162,3425,3958,2630
SZ,000001,2019-06-17 09:50:57,12.6600,8,67088.0000,53,B,12.6500,12.6400,12.6300,12.6200,12.6100,12.6600,12.6700,12.6800,12.6900,12.7000,985,106,351,1872,1294,1737,2161,3430,3963,2630
SZ,000001,2019-06-17 09:51:00,12.6500,39,930336.0000,735,S,12.6500,12.6400,12.6300,12.6200,12.6100,12.6600,12.6700,12.6800,12.6900,12.7000,810,100,793,1872,1294,1166,2161,3430,3961,2630
SZ,000001,2019-06-17 09:51:03,12.6500,22,781072.0000,617,S,12.6500,12.6400,12.6300,12.6200,12.6100,12.6600,12.6700,12.6800,12.6900,12.7000,785,100,794,1892,1294,582,2111,3430,3961,2630
SZ,000001,2019-06-17 09:51:06,12.6600,19,218976.0000,173,B,12.6500,12.6400,12.6300,12.6200,12.6100,12.6600,12.6700,12.6800,12.6900,12.7000,792,98,813,1892,1294,494,2111,3430,3961,2623
SZ,000001,2019-06-17 09:51:09,12.6500,35,807840.0000,638,S,12.6500,12.6400,12.6300,12.6200,12.6100,12.6700,12.6800,12.6900,12.7000,12.7100,808,96,676,1610,1294,1993,3440,3734,2629,801
SZ,000001,2019-06-17 09:51:12,12.6600,2,6336.0000,5,B,12.6600,12.6500,12.6400,12.6300,12.6200,12.6700,12.6800,12.6900,12.7000,12.7100,215,1618,26,668,1610,1986,3440,3756,2632,801
SZ,000001,2019-06-17 09:51:15,12.6600,2,69632.0000,55,S,12.6600,12.6500,12.6400,12.6300,12.6200,12.6700,12.6800,12.6900,12.7000,12.7100,244,1564,60,667,1610,2006,3440,3756,2666,815
SZ,000001,2019-06-17 09:51:18,12.6700,8,140608.0000,111,B,12.6600,12.6500,12.6400,12.6300,12.6200,12.6700,12.6800,12.6900,12.7000,12.7100,318,1570,68,667,1610,2395,3440,3752,2646,815
SZ,000001,2019-06-17 09:51:21,12.6700,5,96272.0000,76,B,12.6600,12.6500,12.6400,12.6300,12.6200,12.6700,12.6800,12.6900,12.7000,12.7100,299,1570,60,700,1618,2315,3440,3757,2646,815
SZ,000001,2019-06-17 09:51:24,12.6700,32,1087008.0000,858,B,12.6600,12.6500,12.6400,12.6300,12.6200,12.6700,12.6800,12.6900,12.7000,12.7100,275,1570,60,700,1618,1526,3443,3757,2656,818
SZ,000001,2019-06-17 09:51:27,12.6700,13,247040.0000,195,B,12.6600,12.6500,12.6400,12.6300,12.6200,12.6700,12.6800,12.6900,12.7000,12.7100,368,1525,60,689,1618,1368,3506,3757,2661,818
SZ,000001,2019-06-17 09:51:30,12.6700,13,200176.0000,158,B,12.6600,12.6500,12.6400,12.6300,12.6200,12.6700,12.6800,12.6900,12.7000,12.7100,381,1522,60,623,1618,1224,3506,3757,2671,818
SZ,000001,2019-06-17 09:51:33,12.6700,10,243264.0000,192,B,12.6600,12.6500,12.6400,12.6300,12.6200,12.6700,12.6800,12.6900,12.7000,12.7100,1114,1522,52,629,1618,1062,3501,3727,2671,818
SZ,000001,2019-06-17 09:51:36,12.6700,35,1394976.0000,1101,B,12.6700,12.6600,12.6500,12.6400,12.6300,12.6800,12.6900,12.7000,12.7100,12.7200,410,1077,1522,52,629,3500,3727,2671,848,909
SZ,000001,2019-06-17 09:51:39,12.6700,9,72272.0000,57,S,12.6700,12.6600,12.6500,12.6400,12.6300,12.6800,12.6900,12.7000,12.7100,12.7200,1158,1014,1049,52,629,3445,3728,2676,848,924
SZ,000001,2019-06-17 09:51:42,12.6700,8,106480.0000,84,S,12.6700,12.6600,12.6500,12.6400,12.6300,12.6800,12.6900,12.7000,12.7100,12.7200,1319,770,1049,52,629,3442,3728,2696,848,924
SZ,000001,2019-06-17 09:51:45,12.6800,7,243456.0000,192,B,12.6700,12.6600,12.6500,12.6400,12.6300,12.6800,12.6900,12.7000,12.7100,12.7200,1337,756,1049,44,629,3251,3550,2696,848,924
SZ,000001,2019-06-17 09:51:48,12.6800,16,365136.0000,288,B,12.6700,12.6600,12.6500,12.6400,12.6300,12.6800,12.6900,12.7000,12.7100,12.7200,1308,732,1049,44,629,3027,3550,2680,848,954
SZ,000001,2019-06-17 09:51:51,12.6700,13,447264.0000,353,S,12.6700,12.6600,12.6500,12.6400,12.6300,12.6800,12.6900,12.7000,12.7100,12.7200,781,877,1049,44,639,3024,3750,2680,853,954
SZ,000001,2019-06-17 09:51:54,12.6800,140,3934784.0000,3103,B,12.6800,12.6700,12.6600,12.6500,12.6400,12.6900,12.7000,12.7100,12.7200,12.7300,61,764,879,1049,44,3735,2680,857,987,796
SZ,000001,2019-06-17 09:51:57,12.6800,16,242208.0000,191,S,12.6800,12.6700,12.6600,12.6500,12.6400,12.6900,12.7000,12.7100,12.7200,12.7300,194,927,867,1049,44,3718,2670,857,988,796
SZ,000001,2019-06-17 09:52:00,12.6900,8,169968.0000,134,B,12.6800,12.6700,12.6600,12.6500,12.6400,12.6900,12.7000,12.7100,12.7200,12.7300,173,918,867,1049,44,3656,2671,857,988,796
SZ,000001,2019-06-17 09:52:03,12.6900,86,3926240.0000,3094,B,12.6800,12.6700,12.6600,12.6500,12.6400,12.6900,12.7000,12.7100,12.7200,12.7300,171,853,859,1046,44,641,2703,907,1028,806
SZ,000001,2019-06-17 09:52:06,12.6900,28,286640.0000,226,B,12.6800,12.6700,12.6600,12.6500,12.6400,12.6900,12.7000,12.7100,12.7200,12.7300,64,631,784,1041,49,572,2753,907,1046,806
SZ,000001,2019-06-17 09:52:09,12.7000,46,1556288.0000,1226,B,12.6900,12.6800,12.6700,12.6600,12.6500,12.7000,12.7100,12.7200,12.7300,12.7400,142,125,628,784,710,2226,907,1066,806,713
SZ,000001,2019-06-17 09:52:12,12.6900,8,63440.0000,50,S,12.6900,12.6800,12.6700,12.6600,12.6500,12.7000,12.7100,12.7200,12.7300,12.7400,348,466,627,764,710,2150,907,1066,806,712
SZ,000001,2019-06-17 09:52:15,12.7000,4,33008.0000,26,B,12.6900,12.6800,12.6700,12.6600,12.6500,12.7000,12.7100,12.7200,12.7300,12.7400,3459,415,128,618,551,2129,918,1066,818,712
SZ,000001,2019-06-17 09:52:18,12.6900,34,356784.0000,281,S,12.6900,12.6800,12.6700,12.6600,12.6500,12.7000,12.7100,12.7200,12.7300,12.7400,4089,198,115,616,551,1934,909,1040,828,825
SZ,000001,2019-06-17 09:52:21,12.7000,143,2529792.0000,1992,B,12.7000,12.6900,12.6800,12.6700,12.6600,12.7100,12.7200,12.7300,12.7400,12.7500,19,5489,180,125,616,866,1011,828,838,2485
SZ,000001,2019-06-17 09:52:24,12.7100,11,52080.0000,41,B,12.7000,12.6900,12.6800,12.6700,12.6600,12.7100,12.7200,12.7300,12.7400,12.7500,392,5474,179,118,616,754,975,828,838,2480
SZ,000001,2019-06-17 09:52:27,12.7100,4,25424.0000,20,B,12.7000,12.6900,12.6800,12.6700,12.6600,12.7100,12.7200,12.7300,12.7400,12.7500,449,5428,179,110,616,1191,975,828,848,2480
SZ,000001,2019-06-17 09:52:30,12.7000,7,57184.0000,45,S,12.7000,12.6900,12.6800,12.6700,12.6600,12.7100,12.7200,12.7300,12.7400,12.7500,962,4854,203,110,616,1233,935,835,876,2480
SZ,000001,2019-06-17 09:52:33,12.7000,3,54640.0000,43,S,12.7000,12.6900,12.6800,12.6700,12.6600,12.7100,12.7200,12.7300,12.7400,12.7500,1587,5000,103,110,616,1135,935,865,1335,2498
SZ,000001,2019-06-17 09:52:36,12.7100,10,124528.0000,98,B,12.7000,12.6900,12.6800,12.6700,12.6600,12.7100,12.7200,12.7300,12.7400,12.7500,1447,5000,103,110,622,1121,929,865,1468,2498
SZ,000001,2019-06-17 09:52:39,12.7200,41,1445136.0000,1137,B,12.7100,12.7000,12.6900,12.6800,12.6700,12.7200,12.7300,12.7400,12.7500,12.7600,2853,1800,4944,103,110,920,881,1568,2503,494
SZ,000001,2019-06-17 09:52:42,12.7200,65,2512240.0000,1976,B,12.7100,12.7000,12.6900,12.6800,12.6700,12.7200,12.7300,12.7400,12.7500,12.7600,2654,1342,4798,103,100,174,838,1650,2604,484
SZ,000001,2019-06-17 09:52:45,12.7200,12,109392.0000,86,B,12.7100,12.7000,12.6900,12.6800,12.6700,12.7200,12.7300,12.7400,12.7500,12.7600,2690,1272,4783,103,100,115,913,1680,2649,484
SZ,000001,2019-06-17 09:52:48,12.7200,7,22880.0000,18,B,12.7100,12.7000,12.6900,12.6800,12.6700,12.7200,12.7300,12.7400,12.7500,12.7600,2702,1726,3058,103,70,137,1485,1680,2649,485
SZ,000001,2019-06-17 09:52:51,12.7200,26,295072.0000,232,B,12.7200,12.7100,12.7000,12.6900,12.6800,12.7300,12.7400,12.7500,12.7600,12.7700,1024,2682,1534,3058,95,1535,1680,2653,485,522
SZ,000001,2019-06-17 09:52:54,12.7300,14,857344.0000,674,B,12.7200,12.7100,12.7000,12.6900,12.6800,12.7300,12.7400,12.7500,12.7600,12.7700,456,2876,1534,3058,95,1586,1590,2660,486,522
SZ,000001,2019-06-17 09:52:57,12.7200,33,700944.0000,551,S,12.7100,12.7000,12.6900,12.6800,12.6700,12.7200,12.7300,12.7400,12.7500,12.7600,2855,1536,3058,95,70,64,1628,1586,2722,491
SZ,000001,2019-06-17 09:53:00,12.7200,27,849984.0000,668,B,12.7100,12.7000,12.6900,12.6800,12.6700,12.7200,12.7300,12.7400,12.7500,12.7600,2950,2314,3058,86,70,49,1360,1673,2724,491
SZ,000001,2019-06-17 09:53:03,12.7200,25,310448.0000,244,B,12.7200,12.7100,12.7000,12.6900,12.6800,12.7300,12.7400,12.7500,12.7600,12.7700,11,2905,2314,3058,86,1245,1673,2727,535,522
SZ,000001,2019-06-17 09:53:06,12.7200,13,264528.0000,208,S,12.7100,12.7000,12.6900,12.6800,12.6700,12.7200,12.7300,12.7400,12.7500,12.7600,2846,2456,3058,86,53,1912,1255,1566,2725,542
SZ,000001,2019-06-17 09:53:09,12.7100,6,64848.0000,51,S,12.7100,12.7000,12.6900,12.6800,12.6700,12.7200,12.7300,12.7400,12.7500,12.7600,2840,2456,3058,74,53,2022,1481,1599,2729,542
SZ,000001,2019-06-17 09:53:12,12.7200,6,1596368.0000,1255,B,12.7100,12.7000,12.6900,12.6800,12.6700,12.7200,12.7300,12.7400,12.7500,12.7600,2858,2096,3058,74,53,835,1496,1619,2734,542
SZ,000001,2019-06-17 09:53:15,12.7100,7,143696.0000,113,S,12.7100,12.7000,12.6900,12.6800,12.6700,12.7200,12.7300,12.7400,12.7500,12.7600,2833,2096,3058,74,53,2877,1510,1619,2769,543
SZ,000001,2019-06-17 09:53:18,12.7100,10,208512.0000,164,S,12.7100,12.7000,12.6900,12.6800,12.6700,12.7200,12.7300,12.7400,12.7500,12.7600,2690,2096,68,74,53,2894,1653,1659,2787,544
SZ,000001,2019-06-17 09:53:21,12.7100,9,108032.0000,85,S,12.7100,12.7000,12.6900,12.6800,12.6700,12.7200,12.7300,12.7400,12.7500,12.7600,2563,2096,68,74,53,2915,1694,1681,2827,564
SZ,000001,2019-06-17 09:53:24,12.7200,20,1716304.0000,1350,B,12.7100,12.7000,12.6900,12.6800,12.6700,12.7200,12.7300,12.7400,12.7500,12.7600,1672,2096,68,74,53,2523,1705,1683,3579,564
SZ,000001,2019-06-17 09:53:27,12.7100,24,551648.0000,434,S,12.7100,12.7000,12.6900,12.6800,12.6700,12.7200,12.7300,12.7400,12.7500,12.7600,1444,1673,98,74,53,2597,1755,1683,3579,674
SZ,000001,2019-06-17 09:53:30,12.7100,58,2218000.0000,1745,S,12.7000,12.6900,12.6800,12.6700,12.6600,12.7100,12.7200,12.7300,12.7400,12.7500,1677,98,74,53,143,709,2575,1745,1706,3609
SZ,000001,2019-06-17 09:53:33,12.6800,40,2505488.0000,1973,S,12.6700,12.6600,12.6500,12.6400,12.6300,12.6800,12.7100,12.7200,12.7300,12.7400,53,143,666,75,480,589,882,2677,1770,1751
SZ,000001,2019-06-17 09:53:36,12.6800,8,105216.0000,83,B,12.6700,12.6600,12.6500,12.6400,12.6300,12.6800,12.7000,12.7100,12.7200,12.7300,40,143,666,75,480,534,3,2965,2890,1783
SZ,000001,2019-06-17 09:53:39,12.6800,1,25360.0000,20,B,12.6700,12.6600,12.6500,12.6400,12.6300,12.6800,12.7000,12.7100,12.7200,12.7300,43,143,666,75,480,515,14,3105,2906,1775
SZ,000001,2019-06-17 09:53:42,12.6800,3,45648.0000,36,B,12.6700,12.6600,12.6500,12.6400,12.6300,12.6800,12.7000,12.7100,12.7200,12.7300,1041,143,666,75,480,481,54,3477,2962,1796
SZ,000001,2019-06-17 09:53:45,12.6800,1,31696.0000,25,B,12.6700,12.6600,12.6500,12.6400,12.6300,12.6800,12.7000,12.7100,12.7200,12.7300,1586,282,676,75,480,462,524,3388,2972,1801
SZ,000001,2019-06-17 09:53:48,12.6800,4,11408.0000,9,B,12.6700,12.6600,12.6500,12.6400,12.6300,12.6800,12.7000,12.7100,12.7200,12.7300,1588,282,676,75,480,459,549,3308,3007,1711
SZ,000001,2019-06-17 09:53:51,12.6800,9,130576.0000,103,B,12.6700,12.6600,12.6500,12.6400,12.6300,12.6800,12.7000,12.7100,12.7200,12.7300,1572,282,676,105,480,417,819,1313,3012,1731
SZ,000001,2019-06-17 09:53:54,12.6800,8,186288.0000,147,B,12.6700,12.6600,12.6500,12.6400,12.6300,12.6800,12.7000,12.7100,12.7200,12.7300,1463,282,726,105,551,424,838,1323,3043,1739
SZ,000001,2019-06-17 09:53:57,12.6700,7,220608.0000,174,S,12.6700,12.6600,12.6500,12.6400,12.6300,12.6800,12.7000,12.7100,12.7200,12.7300,1441,282,728,108,551,282,966,1323,3001,1758
SZ,000001,2019-06-17 09:54:00,12.6800,4,19008.0000,15,B,12.6700,12.6600,12.6500,12.6400,12.6300,12.6800,12.6900,12.7000,12.7100,12.7200,1462,282,728,108,557,287,2,1028,1321,3137
SZ,000001,2019-06-17 09:54:03,12.6800,37,765824.0000,604,B,12.6700,12.6600,12.6500,12.6400,12.6300,12.6900,12.7000,12.7100,12.7200,12.7300,1716,282,728,108,554,2,1033,1334,3191,1817
SZ,000001,2019-06-17 09:54:06,12.6800,12,57024.0000,45,B,12.6700,12.6600,12.6500,12.6400,12.6300,12.6900,12.7000,12.7100,12.7200,12.7300,1863,143,728,121,558,8,1112,1404,3181,1821
SZ,000001,2019-06-17 09:54:09,12.7000,10,44432.0000,35,B,12.6800,12.6700,12.6600,12.6500,12.6400,12.6900,12.7000,12.7100,12.7200,12.7300,54,1709,143,728,121,2,1093,1417,3173,1831
SZ,000001,2019-06-17 09:54:12,12.6800,6,17776.0000,14,S,12.6900,12.6800,12.6700,12.6600,12.6500,12.7000,12.7100,12.7200,12.7300,12.7400,36,569,1401,443,728,1025,1417,3173,1751,1821
SZ,000001,2019-06-17 09:54:15,12.6900,1,2528.0000,2,S,12.6900,12.6800,12.6700,12.6600,12.6500,12.7000,12.7100,12.7200,12.7300,12.7400,40,563,1404,443,728,1045,1421,3184,1752,1841
SZ,000001,2019-06-17 09:54:18,12.6900,9,96448.0000,76,S,12.6800,12.6700,12.6600,12.6500,12.6400,12.6900,12.7000,12.7100,12.7200,12.7300,684,1404,443,728,121,102,1053,1431,3188,1759
SZ,000001,2019-06-17 09:54:21,12.6900,14,192880.0000,152,B,12.6900,12.6800,12.6700,12.6600,12.6500,12.7000,12.7100,12.7200,12.7300,12.7400,411,699,1401,442,731,1055,1462,3247,1774,1841
SZ,000001,2019-06-17 09:54:24,12.6900,4,27920.0000,22,S,12.6900,12.6800,12.6700,12.6600,12.6500,12.7000,12.7100,12.7200,12.7300,12.7400,395,696,1401,442,731,1197,1482,3262,1777,1841
SZ,000001,2019-06-17 09:54:27,12.7000,4,31728.0000,25,B,12.6900,12.6800,12.6700,12.6600,12.6500,12.7000,12.7100,12.7200,12.7300,12.7400,1414,683,1401,442,731,1205,1502,3267,1684,1841
SZ,000001,2019-06-17 09:54:30,12.6900,28,1187392.0000,935,S,12.6900,12.6800,12.6700,12.6600,12.6500,12.7000,12.7100,12.7200,12.7300,12.7400,1376,679,1405,452,739,340,1502,3274,1687,1841
SZ,000001,2019-06-17 09:54:33,12.7000,26,431776.0000,340,B,12.6900,12.6800,12.6700,12.6600,12.6500,12.7000,12.7100,12.7200,12.7300,12.7400,1366,685,1405,452,739,91,1512,3289,1884,1841
SZ,000001,2019-06-17 09:54:36,12.7000,12,114240.0000,90,B,12.6900,12.6800,12.6700,12.6600,12.6500,12.7000,12.7100,12.7200,12.7300,12.7400,1426,685,874,452,740,72,1512,3269,1914,1843
SZ,000001,2019-06-17 09:54:39,12.7000,29,977280.0000,769,S,12.7000,12.6900,12.6800,12.6700,12.6600,12.7100,12.7200,12.7300,12.7400,12.7500,123,1425,685,874,452,892,3289,1914,1843,4113
SZ,000001,2019-06-17 09:54:42,12.7000,4,43184.0000,34,S,12.7000,12.6900,12.6800,12.6700,12.6600,12.7100,12.7200,12.7300,12.7400,12.7500,137,1414,685,874,452,884,3302,1914,1838,4113
SZ,000001,2019-06-17 09:54:45,12.7000,6,43184.0000,34,S,12.7000,12.6900,12.6800,12.6700,12.6600,12.7100,12.7200,12.7300,12.7400,12.7500,121,1408,785,870,452,875,3407,1924,1880,4156
SZ,000001,2019-06-17 09:54:48,12.7000,28,946848.0000,745,S,12.7000,12.6900,12.6800,12.6700,12.6600,12.7100,12.7200,12.7300,12.7400,12.7500,83,408,785,870,452,175,3447,1929,1880,4156
SZ,000001,2019-06-17 09:54:51,12.7000,15,91440.0000,72,S,12.7000,12.6900,12.6800,12.6700,12.6600,12.7100,12.7200,12.7300,12.7400,12.7500,123,408,787,870,452,737,3498,1949,1880,4156
SZ,000001,2019-06-17 09:54:54,12.7000,31,725312.0000,571,S,12.7000,12.6900,12.6800,12.6700,12.6600,12.7100,12.7200,12.7300,12.7400,12.7500,1013,419,787,870,452,866,3498,1959,1880,4171
SZ,000001,2019-06-17 09:54:57,12.7000,5,55872.0000,44,S,12.7000,12.6900,12.6800,12.6700,12.6600,12.7100,12.7200,12.7300,12.7400,12.7500,1064,408,787,870,452,967,3498,1959,1917,4171
SZ,000001,2019-06-17 09:55:00,12.7100,13,391456.0000,308,B,12.7000,12.6900,12.6800,12.6700,12.6600,12.7100,12.7200,12.7300,12.7400,12.7500,1049,408,787,870,452,735,3505,2009,1917,3432
SZ,000001,2019-06-17 09:55:03,12.7000,10,285792.0000,225,S,12.7000,12.6900,12.6800,12.6700,12.6600,12.7100,12.7200,12.7300,12.7400,12.7500,869,396,787,870,452,1125,3556,2019,1935,3572
SZ,000001,2019-06-17 09:55:06,12.7100,14,268048.0000,211,B,12.7000,12.6900,12.6800,12.6700,12.6600,12.7100,12.7200,12.7300,12.7400,12.7500,857,396,790,870,457,1076,3588,2019,1935,3572
SZ,000001,2019-06-17 09:55:09,12.7000,9,209712.0000,165,S,12.7000,12.6900,12.6800,12.6700,12.6600,12.7100,12.7200,12.7300,12.7400,12.7500,840,396,690,870,457,1455,3588,2019,1947,3538
SZ,000001,2019-06-17 09:55:12,12.7100,22,498160.0000,392,B,12.7000,12.6900,12.6800,12.6700,12.6600,12.7100,12.7200,12.7300,12.7400,12.7500,777,396,690,870,457,1239,3588,2009,1947,3556
SZ,000001,2019-06-17 09:55:15,12.7000,8,177856.0000,140,S,12.7000,12.6900,12.6800,12.6700,12.6600,12.7100,12.7200,12.7300,12.7400,12.7500,1455,396,690,870,457,1195,3501,1959,1954,3553
SZ,000001,2019-06-17 09:55:18,12.7000,13,127088.0000,100,S,12.7000,12.6900,12.6800,12.6700,12.6600,12.7100,12.7200,12.7300,12.7400,12.7500,1618,396,690,870,457,1133,3511,1959,1954,3703
SZ,000001,2019-06-17 09:55:21,12.7100,9,417840.0000,329,B,12.7000,12.6900,12.6800,12.6700,12.6600,12.7100,12.7200,12.7300,12.7400,12.7500,1619,396,661,870,447,1148,3492,1909,1954,3703
SZ,000001,2019-06-17 09:55:24,12.7000,5,35568.0000,28,S,12.7000,12.6900,12.6800,12.6700,12.6600,12.7100,12.7200,12.7300,12.7400,12.7500,1639,396,652,870,547,1154,3482,1906,1954,3729
SZ,000001,2019-06-17 09:55:27,12.7100,4,41920.0000,33,B,12.7000,12.6900,12.6800,12.6700,12.6600,12.7100,12.7200,12.7300,12.7400,12.7500,1617,396,652,870,547,1188,3545,1899,1954,3767
SZ,000001,2019-06-17 09:55:30,12.7100,16,620240.0000,488,B,12.7000,12.6900,12.6800,12.6700,12.6600,12.7100,12.7200,12.7300,12.7400,12.7500,1613,396,652,870,547,765,3545,1944,1954,3771
SZ,000001,2019-06-17 09:55:33,12.7100,5,180432.0000,142,B,12.7000,12.6900,12.6800,12.6700,12.6600,12.7100,12.7200,12.7300,12.7400,12.7500,1317,396,564,870,547,741,3545,1912,1959,3797
SZ,000001,2019-06-17 09:55:36,12.7000,5,60960.0000,48,S,12.7000,12.6900,12.6800,12.6700,12.6600,12.7100,12.7200,12.7300,12.7400,12.7500,1320,396,564,870,548,933,3545,1913,1959,3817
SZ,000001,2019-06-17 09:55:39,12.7000,3,76208.0000,60,S,12.7000,12.6900,12.6800,12.6700,12.6600,12.7100,12.7200,12.7300,12.7400,12.7500,1345,396,564,870,548,1323,3550,1911,1959,3818
SZ,000001,2019-06-17 09:55:42,12.7000,9,188064.0000,148,S,12.7000,12.6900,12.6800,12.6700,12.6600,12.7100,12.7200,12.7300,12.7400,12.7500,2765,421,564,870,548,1361,3550,1711,1969,3818
SZ,000001,2019-06-17 09:55:45,12.7000,8,49536.0000,39,S,12.7000,12.6900,12.6800,12.6700,12.6600,12.7100,12.7200,12.7300,12.7400,12.7500,2737,421,564,870,548,1488,3562,1711,2139,3823
SZ,000001,2019-06-17 09:55:48,12.7100,4,72448.0000,57,B,12.7000,12.6900,12.6800,12.6700,12.6600,12.7100,12.7200,12.7300,12.7400,12.7500,2742,421,564,870,548,1520,3562,1721,2149,3824
SZ,000001,2019-06-17 09:55:51,12.7000,5,100384.0000,79,S,12.7000,12.6900,12.6800,12.6700,12.6600,12.7100,12.7200,12.7300,12.7400,12.7500,2713,421,591,870,548,2050,3574,1721,2149,3836
SZ,000001,2019-06-17 09:55:54,12.7100,5,34304.0000,27,B,12.7000,12.6900,12.6800,12.6700,12.6600,12.7100,12.7200,12.7300,12.7400,12.7500,2744,421,591,870,548,2172,3575,1720,2163,3866
SZ,000001,2019-06-17 09:55:57,12.7100,7,24144.0000,19,B,12.7000,12.6900,12.6800,12.6700,12.6600,12.7100,12.7200,12.7300,12.7400,12.7500,2907,421,591,870,548,2324,3575,1720,2168,3867
SZ,000001,2019-06-17 09:56:00,12.7100,3,10176.0000,8,B,12.7000,12.6900,12.6800,12.6700,12.6600,12.7100,12.7200,12.7300,12.7400,12.7500,3208,421,591,870,548,2340,3575,1795,2168,3867
SZ,000001,2019-06-17 09:56:03,12.7000,9,95248.0000,75,S,12.7000,12.6900,12.6800,12.6700,12.6600,12.7100,12.7200,12.7300,12.7400,12.7500,3196,421,591,870,548,2296,3565,1795,2165,3877
SZ,000001,2019-06-17 09:56:06,12.7000,5,55904.0000,44,S,12.7000,12.6900,12.6800,12.6700,12.6600,12.7100,12.7200,12.7300,12.7400,12.7500,3162,446,591,870,548,2342,3550,1795,2165,3887
SZ,000001,2019-06-17 09:56:09,12.7000,4,38096.0000,30,S,12.7000,12.6900,12.6800,12.6700,12.6600,12.7100,12.7200,12.7300,12.7400,12.7500,3151,446,584,870,548,2374,3550,1795,2209,3887
SZ,000001,2019-06-17 09:56:12,12.7000,5,60992.0000,48,S,12.7000,12.6900,12.6800,12.6700,12.6600,12.7100,12.7200,12.7300,12.7400,12.7500,3157,446,576,870,568,2438,3560,1795,2199,4094
SZ,000001,2019-06-17 09:56:15,12.7100,16,200800.0000,158,B,12.7000,12.6900,12.6800,12.6700,12.6600,12.7100,12.7200,12.7300,12.7400,12.7500,3839,446,576,870,568,2326,3560,1795,2199,4095
SZ,000001,2019-06-17 09:56:18,12.7000,7,40640.0000,32,S,12.7000,12.6900,12.6800,12.6700,12.6600,12.7100,12.7200,12.7300,12.7400,12.7500,3822,446,576,870,568,2623,3560,1775,2199,4095
SZ,000001,2019-06-17 09:56:21,12.7100,22,250368.0000,197,B,12.7000,12.6900,12.6800,12.6700,12.6600,12.7100,12.7200,12.7300,12.7400,12.7500,3798,446,576,875,568,2475,3560,1776,2199,4095
SZ,000001,2019-06-17 09:56:24,12.7000,40,823472.0000,648,S,12.7000,12.6900,12.6800,12.6700,12.6600,12.7100,12.7200,12.7300,12.7400,12.7500,3776,446,576,875,568,1974,3565,1786,2199,4105
SZ,000001,2019-06-17 09:56:27,12.7000,27,1268400.0000,998,S,12.7000,12.6900,12.6800,12.6700,12.6600,12.7100,12.7200,12.7300,12.7400,12.7500,3756,225,581,875,568,1067,3565,1796,2199,4106
SZ,000001,2019-06-17 09:56:30,12.7000,32,759984.0000,598,S,12.7000,12.6900,12.6800,12.6700,12.6600,12.7100,12.7200,12.7300,12.7400,12.7500,3392,81,405,875,568,1001,3566,1790,2199,4116
SZ,000001,2019-06-17 09:56:33,12.7000,41,1259520.0000,991,S,12.7000,12.6900,12.6800,12.6700,12.6600,12.7100,12.7200,12.7300,12.7400,12.7500,3385,81,375,875,569,89,3561,1790,2199,4116
SZ,000001,2019-06-17 09:56:36,12.7100,22,414304.0000,326,B,12.7000,12.6900,12.6800,12.6700,12.6600,12.7100,12.7200,12.7300,12.7400,12.7500,3312,81,375,885,574,159,3631,1810,2199,4121
SZ,000001,2019-06-17 09:56:39,12.7200,4,256784.0000,202,B,12.7000,12.6900,12.6800,12.6700,12.6600,12.7100,12.7200,12.7300,12.7400,12.7500,3312,81,375,885,1574,85,3588,1810,2199,4136
SZ,000001,2019-06-17 09:56:42,12.7100,14,83856.0000,66,B,12.7000,12.6900,12.6800,12.6700,12.6600,12.7100,12.7200,12.7300,12.7400,12.7500,3319,81,375,885,1560,162,3598,1772,2199,4131
SZ,000001,2019-06-17 09:56:45,12.7000,10,185520.0000,146,S,12.7000,12.6900,12.6800,12.6700,12.6600,12.7100,12.7200,12.7300,12.7400,12.7500,3289,81,377,885,1590,146,3618,1772,2199,4166
SZ,000001,2019-06-17 09:56:48,12.7100,10,80048.0000,63,B,12.7000,12.6900,12.6800,12.6700,12.6600,12.7100,12.7200,12.7300,12.7400,12.7500,3274,81,377,885,1576,162,3638,1772,2199,4166
SZ,000001,2019-06-17 09:56:51,12.7100,20,261744.0000,206,B,12.7000,12.6900,12.6800,12.6700,12.6600,12.7100,12.7200,12.7300,12.7400,12.7500,3261,225,377,885,1576,48,3938,1772,2199,4166
SZ,000001,2019-06-17 09:56:54,12.7200,6,211072.0000,166,B,12.7100,12.7000,12.6900,12.6800,12.6700,12.7200,12.7300,12.7400,12.7500,12.7600,340,3251,81,377,885,3898,1772,2199,4166,1303
SZ,000001,2019-06-17 09:56:57,12.7100,5,177936.0000,140,S,12.7100,12.7000,12.6900,12.6800,12.6700,12.7200,12.7300,12.7400,12.7500,12.7600,225,3136,81,377,885,3896,1772,2199,4170,1303
SZ,000001,2019-06-17 09:57:00,12.7100,8,163968.0000,129,S,12.7100,12.7000,12.6900,12.6800,12.6700,12.7200,12.7300,12.7400,12.7500,12.7600,255,3039,81,375,885,3939,1770,2297,4225,1353
SZ,000001,2019-06-17 09:57:03,12.7200,23,1823952.0000,1434,B,12.7100,12.7000,12.6900,12.6800,12.6700,12.7200,12.7300,12.7400,12.7500,12.7600,799,2353,281,375,885,2609,2270,2314,4215,1358
SZ,000001,2019-06-17 09:57:06,12.7100,9,109328.0000,86,S,12.7100,12.7000,12.6900,12.6800,12.6700,12.7200,12.7300,12.7400,12.7500,12.7600,877,2340,281,375,885,2620,2238,2314,4215,1358
SZ,000001,2019-06-17 09:57:09,12.7200,26,858544.0000,675,B,12.7100,12.7000,12.6900,12.6800,12.6700,12.7200,12.7300,12.7400,12.7500,12.7600,854,2336,281,375,885,2004,2258,2344,4250,1358
SZ,000001,2019-06-17 09:57:12,12.7200,12,245408.0000,193,B,12.7100,12.7000,12.6900,12.6800,12.6700,12.7200,12.7300,12.7400,12.7500,12.7600,858,2307,281,375,885,1933,2288,2344,4260,1358
SZ,000001,2019-06-17 09:57:15,12.7100,32,1254576.0000,987,S,12.7000,12.6900,12.6800,12.6700,12.6600,12.7100,12.7200,12.7300,12.7400,12.7500,2302,281,375,885,1592,113,1843,2288,2344,4260
SZ,000001,2019-06-17 09:57:18,12.7100,7,163952.0000,129,B,12.7000,12.6900,12.6800,12.6700,12.6600,12.7100,12.7200,12.7300,12.7400,12.7500,2738,281,375,885,1592,11,1829,2285,2344,4259
SZ,000001,2019-06-17 09:57:21,12.7100,55,1388896.0000,1092,B,12.7100,12.7000,12.6900,12.6800,12.6700,12.7200,12.7300,12.7400,12.7500,12.7600,76,2723,281,375,885,866,2285,2364,4259,1358
SZ,000001,2019-06-17 09:57:24,12.7200,6,49600.0000,39,B,12.7100,12.7000,12.6900,12.6800,12.6700,12.7200,12.7300,12.7400,12.7500,12.7600,417,2339,281,375,885,879,2284,2364,4244,1358
SZ,000001,2019-06-17 09:57:27,12.7100,20,333232.0000,262,S,12.7100,12.7000,12.6900,12.6800,12.6700,12.7200,12.7300,12.7400,12.7500,12.7600,422,2339,281,424,885,681,2393,2364,4244,1358
SZ,000001,2019-06-17 09:57:30,12.7100,4,59760.0000,47,S,12.7100,12.7000,12.6900,12.6800,12.6700,12.7200,12.7300,12.7400,12.7500,12.7600,666,2277,281,424,885,788,2393,2364,4239,1358
SZ,000001,2019-06-17 09:57:33,12.7200,4,48336.0000,38,B,12.7100,12.7000,12.6900,12.6800,12.6700,12.7200,12.7300,12.7400,12.7500,12.7600,722,2268,281,424,900,791,2430,2364,4310,1358
SZ,000001,2019-06-17 09:57:36,12.7100,11,130976.0000,103,S,12.7100,12.7000,12.6900,12.6800,12.6700,12.7200,12.7300,12.7400,12.7500,12.7600,940,2262,281,424,885,1750,1934,2364,4309,1360
SZ,000001,2019-06-17 09:57:39,12.7100,31,663968.0000,522,S,12.7100,12.7000,12.6900,12.6800,12.6700,12.7200,12.7300,12.7400,12.7500,12.7600,1181,2262,281,439,885,1240,1948,2364,4309,1360
SZ,000001,2019-06-17 09:57:42,12.7200,7,31808.0000,25,B,12.7100,12.7000,12.6900,12.6800,12.6700,12.7200,12.7300,12.7400,12.7500,12.7600,1386,2269,281,424,885,1219,1953,2364,4309,1360
