市场代码,证券代码,时间,最新价,成交笔数,成交额,成交量,方向,买一价,买二价,买三价,买四价,买五价,卖一价,卖二价,卖三价,卖四价,卖五价,买一量,买二量,买三量,买四量,买五量,卖一量,卖二量,卖三量,卖四量,卖五量
SZ,000001,2019-06-27 09:25:03,13.5000,222,4209300.0000,3118,B,13.4700,13.4600,13.4500,13.4400,13.4300,13.5000,13.5100,13.5200,13.5300,13.5400,15,1616,339,957,10,398,89,169,67,37
SZ,000001,2019-06-27 09:30:03,13.4900,70,5037677.0000,3736,S,13.4800,13.4700,13.4600,13.4500,13.4400,13.4900,13.5000,13.5100,13.5200,13.5300,319,77,219,400,265,958,1279,1168,173,168
SZ,000001,2019-06-27 09:30:06,13.4900,88,3237077.0000,2400,B,13.4800,13.4700,13.4600,13.4500,13.4400,13.4900,13.5000,13.5100,13.5200,13.5300,360,231,64,405,265,31,863,1393,197,176
SZ,000001,2019-06-27 09:30:09,13.4900,28,468161.0000,347,B,13.4800,13.4700,13.4600,13.4500,13.4400,13.4900,13.5000,13.5100,13.5200,13.5300,1012,249,69,408,5,9,735,1393,211,176
SZ,000001,2019-06-27 09:30:12,13.4900,21,581642.0000,431,B,13.4900,13.4800,13.4700,13.4600,13.4500,13.5000,13.5100,13.5200,13.5300,13.5400,593,2069,249,69,428,504,1393,211,176,477
SZ,000001,2019-06-27 09:30:15,13.5000,14,570905.0000,423,B,13.4900,13.4800,13.4700,13.4600,13.4500,13.5000,13.5100,13.5200,13.5300,13.5400,2056,1827,249,69,428,226,1393,211,176,477
SZ,000001,2019-06-27 09:30:18,13.5000,38,361779.0000,268,B,13.5000,13.4900,13.4800,13.4700,13.4600,13.5100,13.5200,13.5300,13.5400,13.5500,45,3131,1075,249,69,1393,211,176,477,630
SZ,000001,2019-06-27 09:30:21,13.5000,18,243084.0000,180,S,13.5000,13.4900,13.4800,13.4700,13.4600,13.5100,13.5200,13.5300,13.5400,13.5500,16,3196,83,299,69,1309,211,186,477,630
SZ,000001,2019-06-27 09:30:24,13.5100,11,630885.0000,467,B,13.5000,13.4900,13.4800,13.4700,13.4600,13.5100,13.5200,13.5300,13.5400,13.5500,69,3192,83,304,69,874,211,186,477,630
SZ,000001,2019-06-27 09:30:27,13.5100,17,875388.0000,648,B,13.5000,13.4900,13.4800,13.4700,13.4600,13.5100,13.5200,13.5300,13.5400,13.5500,117,2592,83,304,69,356,221,186,477,620
SZ,000001,2019-06-27 09:30:30,13.5100,7,89114.0000,66,B,13.5000,13.4900,13.4800,13.4700,13.4600,13.5100,13.5200,13.5300,13.5400,13.5500,324,513,98,304,69,348,224,186,481,624
SZ,000001,2019-06-27 09:30:33,13.5100,10,133699.0000,99,B,13.5000,13.4900,13.4800,13.4700,13.4600,13.5100,13.5200,13.5300,13.5400,13.5500,382,506,98,259,69,438,224,186,481,624
SZ,000001,2019-06-27 09:30:36,13.5000,9,487697.0000,361,S,13.5000,13.4900,13.4800,13.4700,13.4600,13.5100,13.5200,13.5300,13.5400,13.5500,369,508,103,256,70,94,221,180,481,629
SZ,000001,2019-06-27 09:30:39,13.5100,9,270196.0000,200,B,13.5100,13.5000,13.4900,13.4800,13.4700,13.5200,13.5300,13.5400,13.5500,13.5600,74,1864,508,103,261,221,180,431,639,377
SZ,000001,2019-06-27 09:30:42,13.5100,8,89228.0000,66,S,13.5100,13.5000,13.4900,13.4800,13.4700,13.5200,13.5300,13.5400,13.5500,13.5600,171,1840,498,103,261,158,182,431,642,377
SZ,000001,2019-06-27 09:30:45,13.5100,21,274412.0000,203,S,13.5100,13.5000,13.4900,13.4800,13.4700,13.5200,13.5300,13.5400,13.5500,13.5600,206,1840,519,106,261,1,182,431,642,377
SZ,000001,2019-06-27 09:30:48,13.5200,33,323346.0000,239,B,13.5200,13.5100,13.5000,13.4900,13.4800,13.5400,13.5500,13.5600,13.5700,13.5800,8,446,1815,519,106,411,642,377,298,735
SZ,000001,2019-06-27 09:30:51,13.5300,7,60862.0000,45,B,13.5300,13.5200,13.5100,13.5000,13.4900,13.5400,13.5500,13.5600,13.5700,13.5800,1,207,378,1815,517,453,642,377,298,735
SZ,000001,2019-06-27 09:30:54,13.5400,43,1090446.0000,806,B,13.5100,13.5000,13.4900,13.4800,13.4700,13.5400,13.5500,13.5600,13.5700,13.5800,267,1873,517,56,200,43,642,377,298,735
SZ,000001,2019-06-27 09:30:57,13.5400,24,261176.0000,193,B,13.5100,13.5000,13.4900,13.4800,13.4700,13.5300,13.5400,13.5500,13.5600,13.5700,189,1873,517,56,200,5,353,561,377,326
SZ,000001,2019-06-27 09:31:00,13.5300,4,27058.0000,20,B,13.5200,13.5100,13.5000,13.4900,13.4800,13.5300,13.5400,13.5500,13.5600,13.5700,2,211,1873,517,56,51,405,561,377,331
SZ,000001,2019-06-27 09:31:03,13.5000,30,3179692.0000,2355,S,13.4900,13.4800,13.4700,13.4600,13.4500,13.5000,13.5100,13.5200,13.5300,13.5400,111,56,200,65,438,404,13,6,80,598
SZ,000001,2019-06-27 09:31:06,13.4800,39,1342800.0000,994,S,13.4800,13.4700,13.4600,13.4500,13.4400,13.4900,13.5300,13.5400,13.5500,13.5600,42,200,73,438,19,25,175,603,569,337
SZ,000001,2019-06-27 09:31:09,13.5000,16,837624.0000,619,B,13.4800,13.4700,13.4600,13.4500,13.4400,13.5000,13.5200,13.5400,13.5500,13.5600,220,200,73,437,19,63,2,331,619,337
SZ,000001,2019-06-27 09:31:12,13.5000,6,276736.0000,205,B,13.5000,13.4900,13.4800,13.4700,13.4600,13.5100,13.5200,13.5300,13.5400,13.5500,293,198,294,200,73,10,482,15,436,619
SZ,000001,2019-06-27 09:31:15,13.5000,14,428312.0000,317,S,13.5000,13.4900,13.4800,13.4700,13.4600,13.5200,13.5300,13.5400,13.5500,13.5600,274,198,294,190,74,313,53,416,624,337
SZ,000001,2019-06-27 09:31:18,13.5000,8,245700.0000,182,S,13.5000,13.4900,13.4800,13.4700,13.4600,13.5100,13.5200,13.5300,13.5400,13.5500,370,198,236,188,74,82,404,133,432,645
SZ,000001,2019-06-27 09:31:21,13.5000,13,272720.0000,202,S,13.5000,13.4900,13.4800,13.4700,13.4600,13.5100,13.5200,13.5300,13.5400,13.5500,390,198,182,188,74,169,443,326,427,700
SZ,000001,2019-06-27 09:31:24,13.5000,41,722300.0000,535,S,13.4900,13.4800,13.4700,13.4600,13.4500,13.5000,13.5100,13.5200,13.5300,13.5400,235,182,188,74,437,112,161,447,254,427
SZ,000001,2019-06-27 09:31:27,13.5000,18,527800.0000,391,B,13.4900,13.4800,13.4700,13.4600,13.4500,13.5000,13.5100,13.5200,13.5300,13.5400,185,154,188,74,437,26,395,458,139,427
SZ,000001,2019-06-27 09:31:30,13.5000,5,44542.0000,33,B,13.4900,13.4800,13.4700,13.4600,13.4500,13.5000,13.5100,13.5200,13.5300,13.5400,461,159,188,74,437,476,415,508,244,427
SZ,000001,2019-06-27 09:31:33,13.5000,14,630402.0000,467,B,13.4900,13.4800,13.4700,13.4600,13.4500,13.5000,13.5100,13.5200,13.5300,13.5400,418,149,188,74,437,429,504,458,244,427
SZ,000001,2019-06-27 09:31:36,13.5100,14,881342.0000,653,B,13.5000,13.4900,13.4800,13.4700,13.4600,13.5100,13.5200,13.5300,13.5400,13.5500,35,202,149,188,84,497,463,244,437,763
SZ,000001,2019-06-27 09:31:39,13.5000,21,559974.0000,415,S,13.5000,13.4800,13.4700,13.4600,13.4500,13.5100,13.5200,13.5300,13.5400,13.5500,121,120,188,84,437,597,463,244,519,780
SZ,000001,2019-06-27 09:31:42,13.5000,12,193058.0000,143,S,13.4800,13.4700,13.4600,13.4500,13.4400,13.4900,13.5000,13.5100,13.5200,13.5300,120,188,84,441,39,500,56,589,463,244
SZ,000001,2019-06-27 09:31:45,13.4900,6,298094.0000,221,B,13.4800,13.4700,13.4600,13.4500,13.4400,13.4900,13.5000,13.5100,13.5200,13.5300,85,188,84,441,39,442,461,494,418,209
SZ,000001,2019-06-27 09:31:48,13.4800,13,248116.0000,184,S,13.4800,13.4700,13.4600,13.4500,13.4400,13.4900,13.5000,13.5100,13.5200,13.5300,101,190,84,441,39,363,461,503,418,209
SZ,000001,2019-06-27 09:31:51,13.4800,3,76886.0000,57,S,13.4800,13.4700,13.4600,13.4500,13.4400,13.4900,13.5000,13.5100,13.5200,13.5300,460,190,239,441,39,313,681,523,418,209
SZ,000001,2019-06-27 09:31:54,13.4900,19,226574.0000,168,B,13.4800,13.4700,13.4600,13.4500,13.4400,13.4900,13.5000,13.5100,13.5200,13.5300,491,190,239,441,39,238,784,517,438,214
SZ,000001,2019-06-27 09:31:57,13.4900,14,338560.0000,251,B,13.4800,13.4700,13.4600,13.4500,13.4400,13.4900,13.5000,13.5100,13.5200,13.5300,505,190,239,441,39,37,442,517,438,214
SZ,000001,2019-06-27 09:32:00,13.4900,25,385880.0000,286,B,13.4900,13.4800,13.4700,13.4600,13.4500,13.5000,13.5100,13.5200,13.5300,13.5400,31,442,190,239,441,423,532,463,234,520
SZ,000001,2019-06-27 09:32:03,13.4800,22,888426.0000,659,S,13.4700,13.4600,13.4500,13.4400,13.4300,13.4800,13.4900,13.5000,13.5100,13.5200,189,239,441,39,80,373,28,436,532,463
SZ,000001,2019-06-27 09:32:06,13.4800,27,1453958.0000,1078,B,13.4900,13.4800,13.4700,13.4600,13.4500,13.5000,13.5100,13.5200,13.5300,13.5400,40,68,189,253,286,433,532,463,234,520
SZ,000001,2019-06-27 09:32:09,13.4900,10,182148.0000,135,S,13.4900,13.4800,13.4700,13.4600,13.4500,13.5000,13.5100,13.5200,13.5300,13.5400,241,288,189,263,286,545,542,463,234,520
SZ,000001,2019-06-27 09:32:12,13.5000,14,298116.0000,221,B,13.4900,13.4800,13.4700,13.4600,13.4500,13.5000,13.5100,13.5200,13.5300,13.5400,71,268,194,263,286,591,542,463,234,530
SZ,000001,2019-06-27 09:32:15,13.4900,42,2063316.0000,1531,S,13.4800,13.4500,13.4400,13.4300,13.4200,13.4900,13.5000,13.5100,13.5200,13.5300,440,274,69,110,170,139,502,571,463,234
SZ,000001,2019-06-27 09:32:18,13.4900,9,325068.0000,241,B,13.4800,13.4600,13.4500,13.4400,13.4300,13.4900,13.5000,13.5100,13.5200,13.5300,60,11,274,69,110,147,417,542,437,234
SZ,000001,2019-06-27 09:32:21,13.4800,46,599084.0000,444,S,13.4800,13.4600,13.4500,13.4400,13.4300,13.4900,13.5000,13.5100,13.5200,13.5300,123,201,274,69,110,5,282,542,437,234
SZ,000001,2019-06-27 09:32:24,13.5000,12,168712.0000,125,B,13.4800,13.4600,13.4500,13.4400,13.4300,13.5000,13.5100,13.5200,13.5300,13.5400,116,265,274,69,110,336,537,437,239,530
SZ,000001,2019-06-27 09:32:27,13.4800,4,79544.0000,59,S,13.4800,13.4600,13.4500,13.4400,13.4300,13.4900,13.5000,13.5100,13.5200,13.5300,150,265,291,69,110,20,453,737,487,249
SZ,000001,2019-06-27 09:32:30,13.4900,5,33728.0000,25,B,13.4800,13.4600,13.4500,13.4400,13.4300,13.4900,13.5000,13.5100,13.5200,13.5300,295,265,291,69,110,32,463,737,487,249
SZ,000001,2019-06-27 09:32:33,13.4900,25,244280.0000,181,B,13.4900,13.4800,13.4600,13.4500,13.4400,13.5000,13.5100,13.5200,13.5300,13.5400,29,416,265,291,69,348,757,487,249,533
SZ,000001,2019-06-27 09:32:36,13.5000,18,604800.0000,448,B,13.4900,13.4800,13.4600,13.4500,13.4400,13.5000,13.5100,13.5200,13.5300,13.5400,47,422,265,291,69,21,757,492,250,527
SZ,000001,2019-06-27 09:32:39,13.5000,6,115560.0000,86,B,13.5000,13.4900,13.4800,13.4600,13.4500,13.5100,13.5200,13.5300,13.5400,13.5500,1097,175,154,265,321,757,492,260,527,1178
SZ,000001,2019-06-27 09:32:42,13.5000,12,499848.0000,370,S,13.5000,13.4900,13.4800,13.4600,13.4500,13.5100,13.5200,13.5300,13.5400,13.5500,1118,320,49,269,321,407,556,260,528,1178
SZ,000001,2019-06-27 09:32:45,13.5100,20,590388.0000,437,B,13.5100,13.5000,13.4900,13.4800,13.4700,13.5200,13.5300,13.5400,13.5500,13.5600,44,1360,351,52,10,556,260,534,1178,275
SZ,000001,2019-06-27 09:32:48,13.5200,23,428484.0000,317,B,13.5100,13.5000,13.4900,13.4800,13.4700,13.5200,13.5300,13.5400,13.5500,13.5600,982,1146,302,51,10,346,265,534,1178,275
SZ,000001,2019-06-27 09:32:51,13.5300,44,791116.0000,585,B,13.5200,13.5100,13.5000,13.4900,13.4800,13.5300,13.5400,13.5500,13.5600,13.5700,242,1071,1164,182,51,71,534,1191,275,335
SZ,000001,2019-06-27 09:32:54,13.5300,15,220560.0000,163,B,13.5300,13.5200,13.5100,13.5000,13.4900,13.5400,13.5500,13.5600,13.5700,13.5800,171,489,1054,1055,182,513,1191,270,335,972
SZ,000001,2019-06-27 09:32:57,13.5400,31,712204.0000,526,B,13.5300,13.5200,13.5100,13.5000,13.4900,13.5400,13.5500,13.5600,13.5700,13.5800,436,197,1291,1045,182,94,1191,271,335,1176
SZ,000001,2019-06-27 09:33:00,13.5400,26,1179780.0000,872,B,13.5300,13.5200,13.5100,13.5000,13.4900,13.5400,13.5500,13.5600,13.5700,13.5800,99,101,774,1076,132,73,1191,271,335,1176
SZ,000001,2019-06-27 09:33:03,13.5500,21,218012.0000,161,B,13.5400,13.5300,13.5200,13.5100,13.5000,13.5500,13.5600,13.5700,13.5800,13.5900,36,587,117,774,1077,1139,271,325,1176,1267
SZ,000001,2019-06-27 09:33:06,13.5400,43,491800.0000,363,S,13.5400,13.5300,13.5200,13.5100,13.5000,13.5500,13.5600,13.5700,13.5800,13.5900,5,608,117,774,1059,869,271,375,1176,1267
SZ,000001,2019-06-27 09:33:09,13.5500,31,346832.0000,256,B,13.5400,13.5300,13.5200,13.5100,13.5000,13.5500,13.5600,13.5700,13.5800,13.5900,7,886,7,774,1038,602,271,355,1176,1267
SZ,000001,2019-06-27 09:33:12,13.5400,34,372608.0000,275,S,13.5400,13.5300,13.5200,13.5100,13.5000,13.5500,13.5600,13.5700,13.5800,13.5900,63,711,7,724,1038,466,281,355,1180,1267
SZ,000001,2019-06-27 09:33:15,13.5600,85,1229100.0000,907,B,13.5600,13.5500,13.5400,13.5300,13.5200,13.5700,13.5800,13.5900,13.6000,13.6100,56,461,41,711,38,363,1190,1267,1897,252
SZ,000001,2019-06-27 09:33:18,13.5500,15,826720.0000,610,S,13.5500,13.5400,13.5300,13.5200,13.5100,13.5700,13.5800,13.5900,13.6000,13.6100,21,41,711,38,724,344,1190,1267,1942,252
SZ,000001,2019-06-27 09:33:21,13.5500,30,554812.0000,409,S,13.5500,13.5400,13.5300,13.5200,13.5100,13.5600,13.5700,13.5800,13.5900,13.6000,204,49,711,38,724,26,27,1190,1267,1943
SZ,000001,2019-06-27 09:33:24,13.5800,30,367556.0000,271,B,13.5600,13.5500,13.5400,13.5300,13.5200,13.5700,13.5800,13.5900,13.6000,13.6100,50,347,117,711,58,20,1129,1267,1933,252
SZ,000001,2019-06-27 09:33:27,13.5500,10,210080.0000,155,S,13.5500,13.5400,13.5300,13.5200,13.5100,13.5600,13.5700,13.5800,13.5900,13.6000,379,85,713,27,724,82,303,1129,1269,1928
SZ,000001,2019-06-27 09:33:30,13.5600,26,821412.0000,606,B,13.5500,13.5400,13.5300,13.5200,13.5100,13.5600,13.5700,13.5800,13.5900,13.6000,98,85,713,27,724,117,343,1134,1269,3917
SZ,000001,2019-06-27 09:33:33,13.5600,6,70496.0000,52,B,13.5500,13.5400,13.5300,13.5200,13.5100,13.5600,13.5700,13.5800,13.5900,13.6000,542,85,713,27,724,324,200,1140,1262,3903
SZ,000001,2019-06-27 09:33:36,13.5600,9,153164.0000,113,B,13.5500,13.5400,13.5300,13.5200,13.5100,13.5600,13.5700,13.5800,13.5900,13.6000,510,85,713,27,724,332,300,1140,1262,3883
SZ,000001,2019-06-27 09:33:39,13.5600,7,146448.0000,108,B,13.5500,13.5400,13.5300,13.5200,13.5100,13.5600,13.5700,13.5800,13.5900,13.6000,595,85,713,27,724,372,400,1186,1275,3908
SZ,000001,2019-06-27 09:33:42,13.5500,11,235836.0000,174,S,13.5500,13.5400,13.5300,13.5200,13.5100,13.5600,13.5700,13.5800,13.5900,13.6000,533,85,713,27,724,313,2452,1204,1275,3964
SZ,000001,2019-06-27 09:33:45,13.5600,20,540920.0000,399,B,13.5500,13.5400,13.5300,13.5200,13.5100,13.5600,13.5700,13.5800,13.5900,13.6000,414,85,713,27,1234,156,2471,1233,1279,3986
SZ,000001,2019-06-27 09:33:48,13.5500,27,1128812.0000,832,S,13.5500,13.5400,13.5300,13.5200,13.5100,13.5600,13.5700,13.5800,13.5900,13.6000,403,85,714,27,1234,44,1813,1233,1279,4019
SZ,000001,2019-06-27 09:33:51,13.5700,15,307780.0000,227,B,13.5500,13.5400,13.5300,13.5200,13.5100,13.5600,13.5700,13.5800,13.5900,13.6000,511,52,714,27,1234,65,1781,1233,1298,4088
SZ,000001,2019-06-27 09:33:54,13.5500,24,822544.0000,607,S,13.5400,13.5300,13.5200,13.5100,13.5000,13.5500,13.5600,13.5700,13.5800,13.5900,55,714,27,1234,1037,299,155,1781,1233,1298
SZ,000001,2019-06-27 09:33:57,13.5500,33,388888.0000,287,B,13.5400,13.5300,13.5200,13.5100,13.5000,13.5500,13.5600,13.5700,13.5800,13.5900,68,714,27,1234,57,229,129,1783,1282,1423
SZ,000001,2019-06-27 09:34:00,13.5400,3,24372.0000,18,S,13.5400,13.5300,13.5200,13.5100,13.5000,13.5500,13.5600,13.5700,13.5800,13.5900,120,714,27,1234,57,330,1348,1783,1282,1424
SZ,000001,2019-06-27 09:34:03,13.5600,20,598976.0000,442,B,13.5500,13.5400,13.5300,13.5200,13.5100,13.5600,13.5700,13.5800,13.5900,13.6000,687,236,714,27,1234,1295,1805,1294,1432,4163
SZ,000001,2019-06-27 09:34:06,13.5500,18,542064.0000,400,S,13.5500,13.5400,13.5300,13.5200,13.5100,13.5600,13.5700,13.5800,13.5900,13.6000,628,225,714,7,1234,1367,1806,1294,1432,4163
SZ,000001,2019-06-27 09:34:09,13.5500,22,540824.0000,399,S,13.5500,13.5400,13.5300,13.5200,13.5100,13.5600,13.5700,13.5800,13.5900,13.6000,545,86,719,8,1234,1326,1806,1294,1443,4181
SZ,000001,2019-06-27 09:34:12,13.5500,33,1274008.0000,940,S,13.5400,13.5300,13.5200,13.5100,13.5000,13.5500,13.5600,13.5700,13.5800,13.5900,58,719,8,1234,122,249,995,1818,1294,1469
SZ,000001,2019-06-27 09:34:15,13.5500,24,345368.0000,255,B,13.5300,13.5200,13.5100,13.5000,13.4900,13.5500,13.5600,13.5700,13.5800,13.5900,707,68,1234,132,69,1288,919,1818,1296,1472
SZ,000001,2019-06-27 09:34:21,13.5400,4,18956.0000,14,S,13.5300,13.5200,13.5100,13.5000,13.4900,13.5400,13.5500,13.5600,13.5700,13.5800,827,68,2734,132,62,1,1420,858,1818,1319
SZ,000001,2019-06-27 09:34:24,13.5500,18,1035076.0000,764,B,13.5300,13.5200,13.5100,13.5000,13.4900,13.5500,13.5600,13.5700,13.5800,13.5900,761,68,2734,132,62,731,937,1818,1299,1401
SZ,000001,2019-06-27 09:34:27,13.5700,32,2958756.0000,2182,B,13.5400,13.5300,13.5200,13.5100,13.5000,13.5500,13.5600,13.5700,13.5800,13.5900,173,761,97,2734,127,182,18,1208,1309,1421
SZ,000001,2019-06-27 09:34:30,13.5600,26,1890296.0000,1396,B,13.5400,13.5300,13.5200,13.5100,13.5000,13.5600,13.5700,13.5800,13.5900,13.6000,43,361,97,2734,127,51,1209,1320,1421,5002
SZ,000001,2019-06-27 09:34:33,13.5600,16,519912.0000,384,B,13.5500,13.5400,13.5300,13.5200,13.5100,13.5600,13.5700,13.5800,13.5900,13.6000,21,43,209,97,2734,270,1303,1320,1421,5022
SZ,000001,2019-06-27 09:34:36,13.5500,2,42004.0000,31,S,13.5400,13.5300,13.5200,13.5100,13.5000,13.5500,13.5600,13.5700,13.5800,13.5900,43,209,97,2734,147,1003,314,1222,1313,1433
SZ,000001,2019-06-27 09:34:39,13.5500,5,51488.0000,38,B,13.5400,13.5300,13.5200,13.5100,13.5000,13.5500,13.5600,13.5700,13.5800,13.5900,126,209,97,2734,147,1027,347,1307,1323,1433
SZ,000001,2019-06-27 09:34:42,13.5400,7,571772.0000,422,S,13.5400,13.5300,13.5200,13.5100,13.5000,13.5500,13.5600,13.5700,13.5800,13.5900,216,209,97,3114,147,771,293,1322,1320,1451
SZ,000001,2019-06-27 09:34:45,13.5500,7,59592.0000,44,B,13.5400,13.5300,13.5200,13.5100,13.5000,13.5500,13.5600,13.5700,13.5800,13.5900,201,209,97,3114,147,769,293,1344,1320,1561
SZ,000001,2019-06-27 09:34:48,13.5400,8,373704.0000,276,S,13.5300,13.5200,13.5100,13.5000,13.4900,13.5400,13.5500,13.5600,13.5700,13.5800,204,97,3114,147,61,747,832,399,1350,1338
SZ,000001,2019-06-27 09:34:51,13.5400,7,105608.0000,78,B,13.5300,13.5200,13.5100,13.5000,13.4900,13.5400,13.5500,13.5600,13.5700,13.5800,578,97,3114,147,61,947,870,409,1275,1351
SZ,000001,2019-06-27 09:34:54,13.5300,9,648496.0000,479,S,13.5300,13.5200,13.5100,13.5000,13.4900,13.5400,13.5500,13.5600,13.5700,13.5800,508,97,3114,147,61,735,892,409,1289,1351
SZ,000001,2019-06-27 09:34:57,13.5300,14,980288.0000,724,S,13.5300,13.5200,13.5100,13.5000,13.4900,13.5400,13.5500,13.5600,13.5700,13.5800,496,98,3114,147,61,14,907,409,1292,1467
SZ,000001,2019-06-27 09:35:00,13.5300,3,16236.0000,12,S,13.5300,13.5200,13.5100,13.5000,13.4900,13.5400,13.5500,13.5600,13.5700,13.5800,512,141,3114,147,61,335,955,781,1292,1477
SZ,000001,2019-06-27 09:35:03,13.5300,11,265188.0000,196,S,13.5300,13.5200,13.5100,13.5000,13.4900,13.5400,13.5500,13.5600,13.5700,13.5800,386,146,3114,147,61,347,955,711,1302,1487
SZ,000001,2019-06-27 09:35:06,13.5300,9,140768.0000,104,S,13.5300,13.5200,13.5100,13.5000,13.4900,13.5400,13.5500,13.5600,13.5700,13.5800,336,146,3104,147,61,463,955,771,1327,1497
SZ,000001,2019-06-27 09:35:09,13.5400,20,1024736.0000,757,B,13.5300,13.5200,13.5100,13.5000,13.4900,13.5500,13.5600,13.5700,13.5800,13.5900,118,146,3104,147,61,957,781,1332,1381,1724
SZ,000001,2019-06-27 09:35:12,13.5500,32,277760.0000,205,B,13.5400,13.5300,13.5200,13.5100,13.5000,13.5500,13.5600,13.5700,13.5800,13.5900,670,374,180,3104,197,904,811,1332,1382,1724
SZ,000001,2019-06-27 09:35:15,13.5500,23,1230312.0000,908,B,13.5500,13.5400,13.5300,13.5200,13.5100,13.5600,13.5700,13.5800,13.5900,13.6000,43,854,343,180,3104,821,1332,1407,1724,5131
SZ,000001,2019-06-27 09:35:18,13.5500,3,121952.0000,90,S,13.5500,13.5400,13.5300,13.5200,13.5100,13.5600,13.5700,13.5800,13.5900,13.6000,58,870,343,180,3102,882,1375,1419,1734,5134
SZ,000001,2019-06-27 09:35:21,13.5400,28,2424608.0000,1790,S,13.5300,13.5200,13.5100,13.5000,13.4900,13.5400,13.5600,13.5700,13.5800,13.5900,343,180,3102,197,70,681,834,1368,1419,1734
SZ,000001,2019-06-27 09:35:24,13.5400,8,354744.0000,262,B,13.5300,13.5200,13.5100,13.5000,13.4900,13.5400,13.5500,13.5600,13.5700,13.5800,123,154,3102,197,70,758,82,888,1369,1412
SZ,000001,2019-06-27 09:35:27,13.5400,2,150296.0000,111,B,13.5300,13.5200,13.5100,13.5000,13.4900,13.5400,13.5500,13.5600,13.5700,13.5800,123,216,3102,345,69,647,82,888,1369,1486
SZ,000001,2019-06-27 09:35:30,13.5400,15,320816.0000,237,B,13.5300,13.5200,13.5100,13.5000,13.4900,13.5400,13.5500,13.5600,13.5700,13.5800,173,216,3102,345,60,492,89,878,1369,1486
SZ,000001,2019-06-27 09:35:33,13.5600,34,1164776.0000,860,B,13.5400,13.5300,13.5200,13.5100,13.5000,13.5600,13.5700,13.5800,13.5900,13.6000,68,238,216,3102,345,620,1369,1492,1814,5178
SZ,000001,2019-06-27 09:35:36,13.5600,35,250800.0000,185,B,13.5500,13.5400,13.5300,13.5200,13.5100,13.5600,13.5700,13.5800,13.5900,13.6000,1,1198,240,166,3102,696,1369,1492,1814,5278
SZ,000001,2019-06-27 09:35:39,13.5600,11,119288.0000,88,B,13.5400,13.5300,13.5200,13.5100,13.5000,13.5600,13.5700,13.5800,13.5900,13.6000,1188,242,166,3102,345,646,1369,1492,1799,5278
SZ,000001,2019-06-27 09:35:42,13.5500,6,105712.0000,78,S,13.5400,13.5300,13.5200,13.5100,13.5000,13.5500,13.5600,13.5700,13.5800,13.5900,1738,17,166,3102,390,754,699,1369,1488,1899
SZ,000001,2019-06-27 09:35:45,13.5500,18,1011872.0000,747,B,13.5400,13.5300,13.5200,13.5100,13.5000,13.5500,13.5600,13.5700,13.5800,13.5900,1424,17,166,3102,390,392,599,1369,1498,1899
SZ,000001,2019-06-27 09:35:48,13.5500,8,773584.0000,571,B,13.5400,13.5300,13.5200,13.5100,13.5000,13.5500,13.5600,13.5700,13.5800,13.5900,1297,29,166,3152,390,75,725,1369,1537,1929
SZ,000001,2019-06-27 09:35:51,13.5500,30,904440.0000,667,B,13.5500,13.5400,13.5300,13.5200,13.5100,13.5600,13.5700,13.5800,13.5900,13.6000,995,1293,29,171,3152,235,1369,1558,2096,5311
SZ,000001,2019-06-27 09:35:54,13.5500,8,317224.0000,234,S,13.5500,13.5400,13.5300,13.5200,13.5100,13.5600,13.5700,13.5800,13.5900,13.6000,1183,1048,29,170,3152,261,1369,1558,2096,5421
SZ,000001,2019-06-27 09:35:57,13.5500,9,202032.0000,149,S,13.5500,13.5400,13.5300,13.5200,13.5100,13.5600,13.5700,13.5800,13.5900,13.6000,1178,979,155,199,3152,304,1419,1558,2103,5421
SZ,000001,2019-06-27 09:36:00,13.5500,6,102976.0000,76,S,13.5500,13.5400,13.5300,13.5200,13.5100,13.5600,13.5700,13.5800,13.5900,13.6000,1324,801,155,199,3152,313,1404,1558,2103,5421
SZ,000001,2019-06-27 09:36:03,13.5600,15,325400.0000,240,B,13.5500,13.5400,13.5300,13.5200,13.5100,13.5600,13.5700,13.5800,13.5900,13.6000,546,773,155,219,3152,1269,1404,1603,2123,5421
SZ,000001,2019-06-27 09:36:06,13.5500,8,82704.0000,61,S,13.5500,13.5400,13.5300,13.5200,13.5100,13.5600,13.5700,13.5800,13.5900,13.6000,629,181,155,219,3152,1296,1414,1609,2135,5401
SZ,000001,2019-06-27 09:36:09,13.5500,5,36600.0000,27,S,13.5500,13.5400,13.5300,13.5200,13.5100,13.5600,13.5700,13.5800,13.5900,13.6000,606,181,152,219,3152,1430,1414,1609,2142,5406
SZ,000001,2019-06-27 09:36:12,13.5500,19,784624.0000,579,S,13.5500,13.5400,13.5300,13.5200,13.5100,13.5600,13.5700,13.5800,13.5900,13.6000,119,181,152,219,3152,1357,1466,1604,2153,5411
SZ,000001,2019-06-27 09:36:15,13.5600,34,2104816.0000,1552,B,13.5600,13.5500,13.5400,13.5300,13.5200,13.5700,13.5800,13.5900,13.6000,13.6100,1616,176,181,152,219,1466,1644,2153,5419,419
SZ,000001,2019-06-27 09:36:18,13.5600,4,151872.0000,112,S,13.5600,13.5500,13.5400,13.5300,13.5200,13.5700,13.5800,13.5900,13.6000,13.6100,1634,161,181,152,211,1514,1749,2218,5439,419
SZ,000001,2019-06-27 09:36:21,13.5600,9,1146328.0000,845,S,13.5600,13.5500,13.5400,13.5300,13.5200,13.5700,13.5800,13.5900,13.6000,13.6100,1508,161,181,152,211,1286,1749,2224,5639,419
SZ,000001,2019-06-27 09:36:24,13.5700,4,492232.0000,363,B,13.5600,13.5500,13.5400,13.5300,13.5200,13.5700,13.5800,13.5900,13.6000,13.6100,1693,236,181,142,211,1286,1753,2224,5651,419
SZ,000001,2019-06-27 09:36:27,13.5600,33,1473688.0000,1086,S,13.5600,13.5500,13.5400,13.5300,13.5200,13.5700,13.5800,13.5900,13.6000,13.6100,1691,117,181,142,211,211,1753,2204,5667,419
SZ,000001,2019-06-27 09:36:30,13.5700,12,347768.0000,257,B,13.5700,13.5600,13.5500,13.5400,13.5300,13.5800,13.5900,13.6000,13.6100,13.6200,1748,1661,120,181,142,1753,2194,5669,419,280
SZ,000001,2019-06-27 09:36:33,13.5800,8,2745184.0000,2023,B,13.5700,13.5600,13.5500,13.5400,13.5300,13.5800,13.5900,13.6000,13.6100,13.6200,376,1064,83,181,130,1932,2194,5669,419,280
SZ,000001,2019-06-27 09:36:36,13.5700,16,344672.0000,254,S,13.5700,13.5600,13.5500,13.5400,13.5300,13.5800,13.5900,13.6000,13.6100,13.6200,504,1045,95,181,130,1936,2194,5669,419,279
SZ,000001,2019-06-27 09:36:39,13.5700,10,362440.0000,267,S,13.5700,13.5600,13.5500,13.5400,13.5300,13.5800,13.5900,13.6000,13.6100,13.6200,581,1045,95,181,130,1830,2191,5669,419,279
SZ,000001,2019-06-27 09:36:42,13.6000,206,6230520.0000,4586,B,13.5700,13.5600,13.5500,13.5400,13.5300,13.6000,13.6100,13.6200,13.6300,13.6400,710,858,95,181,130,5320,419,279,280,512
SZ,000001,2019-06-27 09:36:45,13.5800,24,1913864.0000,1410,S,13.5700,13.5600,13.5500,13.5400,13.5300,13.5800,13.6000,13.6100,13.6200,13.6300,157,865,95,181,130,173,5395,399,279,287
SZ,000001,2019-06-27 09:36:48,13.5700,19,287888.0000,212,S,13.5700,13.5600,13.5500,13.5400,13.5300,13.5800,13.5900,13.6000,13.6100,13.6200,248,868,102,181,130,13,50,5395,399,279
SZ,000001,2019-06-27 09:36:51,13.5700,17,422080.0000,311,S,13.5800,13.5700,13.5600,13.5500,13.5400,13.5900,13.6000,13.6100,13.6200,13.6300,140,333,868,102,181,102,5424,386,269,287
SZ,000001,2019-06-27 09:36:54,13.5900,2,138616.0000,102,B,13.5800,13.5700,13.5600,13.5500,13.5400,13.6000,13.6100,13.6200,13.6300,13.6400,488,333,868,102,173,5424,386,279,287,514
SZ,000001,2019-06-27 09:36:57,13.5900,2,35336.0000,26,B,13.5800,13.5700,13.5600,13.5500,13.5400,13.5900,13.6000,13.6100,13.6200,13.6300,790,333,868,102,173,376,5433,386,279,287
SZ,000001,2019-06-27 09:37:00,13.5900,5,244624.0000,180,B,13.5800,13.5700,13.5600,13.5500,13.5400,13.5900,13.6000,13.6100,13.6200,13.6300,790,342,868,117,173,327,5231,436,279,287
SZ,000001,2019-06-27 09:37:03,13.5900,8,172592.0000,127,B,13.5800,13.5700,13.5600,13.5500,13.5400,13.5900,13.6000,13.6100,13.6200,13.6300,1327,94,868,117,173,382,5266,456,279,287
SZ,000001,2019-06-27 09:37:06,13.5900,23,418568.0000,308,B,13.5800,13.5700,13.5600,13.5500,13.5400,13.5900,13.6000,13.6100,13.6200,13.6300,1422,94,868,117,173,272,5246,456,279,287
SZ,000001,2019-06-27 09:37:09,13.5900,44,897288.0000,660,B,13.5900,13.5800,13.5700,13.5600,13.5500,13.6000,13.6100,13.6200,13.6300,13.6400,42,1442,101,871,117,4910,456,280,292,577
SZ,000001,2019-06-27 09:37:12,13.5900,25,1131440.0000,833,S,13.5800,13.5700,13.5600,13.5500,13.5400,13.5900,13.6000,13.6100,13.6200,13.6300,854,106,871,92,170,1002,5233,456,450,292
SZ,000001,2019-06-27 09:37:15,13.5900,7,429392.0000,316,B,13.5800,13.5700,13.5600,13.5500,13.5400,13.5900,13.6000,13.6100,13.6200,13.6300,783,115,871,92,170,767,5223,462,450,292
SZ,000001,2019-06-27 09:37:18,13.5900,4,490600.0000,361,B,13.5800,13.5700,13.5600,13.5500,13.5400,13.5900,13.6000,13.6100,13.6200,13.6300,1067,115,871,92,170,552,4869,462,450,292
SZ,000001,2019-06-27 09:37:21,13.5800,58,2058248.0000,1514,S,13.5800,13.5700,13.5600,13.5500,13.5400,13.6000,13.6100,13.6200,13.6300,13.6400,1612,115,871,92,170,4231,467,456,292,580
SZ,000001,2019-06-27 09:37:24,13.5900,3,100504.0000,74,B,13.5800,13.5700,13.5600,13.5500,13.5400,13.5900,13.6000,13.6100,13.6200,13.6300,1565,115,871,142,170,79,4658,467,456,292
SZ,000001,2019-06-27 09:37:27,13.6000,48,2220528.0000,1633,B,13.5800,13.5700,13.5600,13.5500,13.5400,13.6000,13.6100,13.6200,13.6300,13.6400,1508,115,871,142,170,3345,467,569,295,603
SZ,000001,2019-06-27 09:37:30,13.5800,26,582008.0000,428,S,13.5800,13.5700,13.5600,13.5500,13.5400,13.5900,13.6000,13.6100,13.6200,13.6300,1478,115,874,142,170,58,3074,467,456,295
SZ,000001,2019-06-27 09:37:33,13.5900,13,522088.0000,384,B,13.5900,13.5800,13.5700,13.5600,13.5500,13.6000,13.6100,13.6200,13.6300,13.6400,25,1478,115,874,147,2884,467,456,315,586
SZ,000001,2019-06-27 09:37:36,13.5900,13,288024.0000,212,S,13.5800,13.5700,13.5600,13.5500,13.5400,13.5900,13.6000,13.6100,13.6200,13.6300,1108,115,874,147,170,911,2871,469,460,315
SZ,000001,2019-06-27 09:37:39,13.5900,3,350616.0000,258,B,13.5800,13.5700,13.5600,13.5500,13.5400,13.5900,13.6000,13.6100,13.6200,13.6300,1207,115,170,147,158,673,2871,469,465,315
SZ,000001,2019-06-27 09:37:42,13.5900,6,197048.0000,145,B,13.5800,13.5700,13.5600,13.5500,13.5400,13.5900,13.6000,13.6100,13.6200,13.6300,1200,115,175,147,158,950,2448,469,465,315
SZ,000001,2019-06-27 09:37:45,13.5900,18,1463656.0000,1077,B,13.5900,13.5800,13.5700,13.5600,13.5500,13.6000,13.6100,13.6200,13.6300,13.6400,415,1444,115,175,147,2471,469,465,328,816
SZ,000001,2019-06-27 09:37:48,13.6000,15,406576.0000,299,B,13.5900,13.5800,13.5700,13.5600,13.5500,13.6000,13.6100,13.6200,13.6300,13.6400,367,1444,215,175,147,2186,521,466,448,866
SZ,000001,2019-06-27 09:37:51,13.5900,17,346696.0000,255,S,13.5900,13.5800,13.5700,13.5600,13.5500,13.6000,13.6100,13.6200,13.6300,13.6400,503,1445,215,205,147,2067,521,466,448,866
SZ,000001,2019-06-27 09:37:54,13.5900,123,3231456.0000,2376,S,13.5900,13.5800,13.5700,13.5600,13.5500,13.6100,13.6200,13.6300,13.6400,13.6500,2550,1011,220,205,152,521,508,448,866,1542
SZ,000001,2019-06-27 09:37:57,13.6200,36,1022176.0000,751,B,13.6100,13.6000,13.5900,13.5800,13.5700,13.6200,13.6300,13.6400,13.6500,13.6600,32,829,2609,1011,220,442,448,872,1542,583
SZ,000001,2019-06-27 09:38:00,13.6100,10,115728.0000,85,S,13.6100,13.6000,13.5900,13.5800,13.5700,13.6200,13.6300,13.6400,13.6500,13.6600,181,909,2609,864,195,511,448,922,1572,583
SZ,000001,2019-06-27 09:38:03,13.6200,9,69456.0000,51,B,13.6100,13.6000,13.5900,13.5800,13.5700,13.6200,13.6300,13.6400,13.6500,13.6600,445,907,2086,864,195,525,498,933,1605,683
SZ,000001,2019-06-27 09:38:06,13.6300,38,1029680.0000,756,B,13.6100,13.6000,13.5900,13.5800,13.5700,13.6300,13.6400,13.6500,13.6600,13.6700,1356,912,1585,864,195,762,993,1605,683,931
SZ,000001,2019-06-27 09:38:09,13.6300,79,3115872.0000,2287,B,13.6300,13.6100,13.6000,13.5900,13.5800,13.6400,13.6500,13.6600,13.6700,13.6800,81,458,952,1585,864,509,1595,683,931,2027
SZ,000001,2019-06-27 09:38:12,13.6300,8,220712.0000,162,S,13.6300,13.6200,13.6100,13.6000,13.5900,13.6400,13.6500,13.6600,13.6700,13.6800,143,24,412,930,1569,665,1603,734,931,2028
SZ,000001,2019-06-27 09:38:15,13.6400,10,79104.0000,58,B,13.6300,13.6200,13.6100,13.6000,13.5900,13.6400,13.6500,13.6600,13.6700,13.6800,461,64,414,930,1504,626,1593,734,981,2028
SZ,000001,2019-06-27 09:38:18,13.6300,18,406264.0000,298,S,13.6300,13.6200,13.6100,13.6000,13.5900,13.6400,13.6500,13.6600,13.6700,13.6800,854,84,4,885,1504,926,1570,805,991,2045
SZ,000001,2019-06-27 09:38:21,13.6300,11,269928.0000,198,S,13.6300,13.6200,13.6100,13.6000,13.5900,13.6400,13.6500,13.6600,13.6700,13.6800,739,84,4,885,1504,910,1565,801,996,2045
SZ,000001,2019-06-27 09:38:24,13.6400,24,516912.0000,379,B,13.6300,13.6200,13.6100,13.6000,13.5900,13.6400,13.6500,13.6600,13.6700,13.6800,1455,56,4,885,1504,578,1541,801,1003,2065
SZ,000001,2019-06-27 09:38:27,13.6400,18,480112.0000,352,B,13.6300,13.6200,13.6100,13.6000,13.5900,13.6400,13.6500,13.6600,13.6700,13.6800,1451,63,38,822,1502,238,1543,801,1213,2066
SZ,000001,2019-06-27 09:38:30,13.6300,31,2178160.0000,1598,S,13.6200,13.6100,13.6000,13.5900,13.5800,13.6300,13.6400,13.6500,13.6600,13.6700,58,38,822,1397,836,102,287,1526,812,1213
SZ,000001,2019-06-27 09:38:33,13.6300,5,58608.0000,43,B,13.6200,13.6100,13.6000,13.5900,13.5800,13.6300,13.6400,13.6500,13.6600,13.6700,201,207,872,1400,836,93,466,1556,844,1213
SZ,000001,2019-06-27 09:38:36,13.6300,14,177184.0000,130,B,13.6200,13.6100,13.6000,13.5900,13.5800,13.6300,13.6400,13.6500,13.6600,13.6700,434,1077,872,1392,836,249,883,1556,844,1223
SZ,000001,2019-06-27 09:38:39,13.6300,6,216720.0000,159,B,13.6200,13.6100,13.6000,13.5900,13.5800,13.6300,13.6400,13.6500,13.6600,13.6700,429,1077,973,1392,836,145,893,1569,865,1223
SZ,000001,2019-06-27 09:38:42,13.6300,16,530320.0000,389,B,13.6200,13.6100,13.6000,13.5900,13.5800,13.6300,13.6400,13.6500,13.6600,13.6700,429,1077,928,1392,836,13,834,1585,865,1253
SZ,000001,2019-06-27 09:38:45,13.6400,18,279552.0000,205,B,13.6300,13.6200,13.6100,13.6000,13.5900,13.6400,13.6500,13.6600,13.6700,13.6800,275,945,1077,918,1392,2704,1585,885,1273,2172
SZ,000001,2019-06-27 09:38:48,13.6300,23,972336.0000,713,S,13.6300,13.6200,13.6100,13.6000,13.5900,13.6400,13.6500,13.6600,13.6700,13.6800,130,969,1077,918,1392,2512,1586,894,1373,2172
SZ,000001,2019-06-27 09:38:51,13.6300,22,256272.0000,188,S,13.6200,13.6100,13.6000,13.5900,13.5800,13.6300,13.6400,13.6500,13.6600,13.6700,969,1077,933,1392,590,4,2606,1786,1360,1375
SZ,000001,2019-06-27 09:38:54,13.6300,25,1539760.0000,1129,B,13.6200,13.6100,13.6000,13.5900,13.5800,13.6300,13.6400,13.6500,13.6600,13.6700,959,1077,933,1392,590,1,1480,1846,1370,1375
SZ,000001,2019-06-27 09:38:57,13.6300,36,1234144.0000,906,B,13.6200,13.6100,13.6000,13.5900,13.5800,13.6300,13.6400,13.6500,13.6600,13.6700,245,1076,2943,1387,580,204,1489,2574,1370,1375
SZ,000001,2019-06-27 09:39:00,13.6300,20,547488.0000,401,B,13.6200,13.6100,13.6000,13.5900,13.5800,13.6300,13.6400,13.6500,13.6600,13.6700,318,1076,2943,1387,580,6,1475,2609,1380,1375
SZ,000001,2019-06-27 09:39:03,13.6200,22,579280.0000,425,S,13.6200,13.6100,13.6000,13.5900,13.5800,13.6300,13.6400,13.6500,13.6600,13.6700,680,1076,2943,1379,580,232,1562,2619,1380,1378
SZ,000001,2019-06-27 09:39:06,13.6300,20,402048.0000,295,B,13.6200,13.6100,13.6000,13.5900,13.5800,13.6300,13.6400,13.6500,13.6600,13.6700,1421,1076,2953,1379,580,185,1567,2629,1390,1378
SZ,000001,2019-06-27 09:39:09,13.6300,12,303920.0000,223,B,13.6200,13.6100,13.6000,13.5900,13.5800,13.6300,13.6400,13.6500,13.6600,13.6700,1392,1076,2948,1379,580,123,1593,2629,1391,1388
SZ,000001,2019-06-27 09:39:12,13.6300,8,152592.0000,112,B,13.6200,13.6100,13.6000,13.5900,13.5800,13.6300,13.6400,13.6500,13.6600,13.6700,1329,1076,2949,1379,580,159,1693,2637,1391,1389
SZ,000001,2019-06-27 09:39:15,13.6300,4,28616.0000,21,B,13.6200,13.6100,13.6000,13.5900,13.5800,13.6300,13.6400,13.6500,13.6600,13.6700,1226,1076,2949,1379,580,166,1713,2637,1391,1389
SZ,000001,2019-06-27 09:39:18,13.6300,27,762968.0000,560,B,13.6200,13.6100,13.6000,13.5900,13.5800,13.6300,13.6400,13.6500,13.6600,13.6700,911,1076,2953,1379,580,52,1739,2660,955,1389
SZ,000001,2019-06-27 09:39:21,13.6300,11,350288.0000,257,B,13.6300,13.6200,13.6100,13.6000,13.5900,13.6400,13.6500,13.6600,13.6700,13.6800,378,931,1076,2953,1379,1739,2660,985,1389,2293
SZ,000001,2019-06-27 09:39:24,13.6300,10,1144920.0000,840,S,13.6200,13.6100,13.6000,13.5900,13.5800,13.6300,13.6400,13.6500,13.6600,13.6700,776,1076,2953,1379,580,316,1766,2660,1035,1389
SZ,000001,2019-06-27 09:39:27,13.6200,4,38160.0000,28,S,13.6200,13.6100,13.6000,13.5900,13.5800,13.6300,13.6400,13.6500,13.6600,13.6700,771,1076,2953,1379,580,392,1791,2669,1035,1389
SZ,000001,2019-06-27 09:39:30,13.6300,7,353000.0000,259,B,13.6200,13.6100,13.6000,13.5900,13.5800,13.6300,13.6400,13.6500,13.6600,13.6700,766,1074,2943,1379,580,304,1806,2670,1095,1389
SZ,000001,2019-06-27 09:39:33,13.6300,20,348912.0000,256,B,13.6200,13.6100,13.6000,13.5900,13.5800,13.6300,13.6400,13.6500,13.6600,13.6700,745,1074,2953,1379,580,247,1810,2670,1155,1389
SZ,000001,2019-06-27 09:39:36,13.6300,26,867944.0000,637,B,13.6200,13.6100,13.6000,13.5900,13.5800,13.6300,13.6400,13.6500,13.6600,13.6700,414,1074,2953,1379,580,19,1817,2581,1155,1389
SZ,000001,2019-06-27 09:39:39,13.6200,2,5448.0000,4,S,13.6200,13.6100,13.6000,13.5900,13.5800,13.6300,13.6400,13.6500,13.6600,13.6700,410,1074,2953,1379,580,434,1850,2585,1125,1472
SZ,000001,2019-06-27 09:39:42,13.6300,19,894272.0000,656,B,13.6200,13.6100,13.6000,13.5900,13.5800,13.6300,13.6400,13.6500,13.6600,13.6700,382,1076,2953,1526,580,42,1593,2588,1125,1472
SZ,000001,2019-06-27 09:39:45,13.6200,14,416872.0000,306,S,13.6200,13.6100,13.6000,13.5900,13.5800,13.6300,13.6400,13.6500,13.6600,13.6700,321,1076,2953,1526,580,53,1643,2604,1131,1472
SZ,000001,2019-06-27 09:39:48,13.6200,11,887504.0000,651,S,13.6300,13.6200,13.6100,13.6000,13.5900,13.6400,13.6500,13.6600,13.6700,13.6800,1,558,1076,2953,1526,1391,2654,1131,1472,2661
SZ,000001,2019-06-27 09:39:51,13.6200,7,61312.0000,45,S,13.6200,13.6100,13.6000,13.5900,13.5800,13.6300,13.6400,13.6500,13.6600,13.6700,646,1078,2953,1526,580,49,1451,2669,1136,1472
SZ,000001,2019-06-27 09:39:54,13.6300,33,332504.0000,244,B,13.6300,13.6200,13.6100,13.6000,13.5900,13.6400,13.6500,13.6600,13.6700,13.6800,13,597,1078,2965,1526,1451,2769,1136,1472,2654
SZ,000001,2019-06-27 09:39:57,13.6300,11,189472.0000,139,S,13.6200,13.6100,13.6000,13.5900,13.5800,13.6300,13.6400,13.6500,13.6600,13.6700,790,1078,2981,1526,574,96,1493,2769,1376,1472
SZ,000001,2019-06-27 09:40:00,13.6300,12,743792.0000,546,B,13.6200,13.6100,13.6000,13.5900,13.5800,13.6300,13.6400,13.6500,13.6600,13.6700,384,1083,2981,1526,574,153,1493,2769,1367,1472
SZ,000001,2019-06-27 09:40:03,13.6200,5,72224.0000,53,S,13.6200,13.6100,13.6000,13.5900,13.5800,13.6300,13.6400,13.6500,13.6600,13.6700,431,1083,2981,1526,574,526,1498,2769,1371,1472
SZ,000001,2019-06-27 09:40:06,13.6300,15,812416.0000,596,B,13.6300,13.6200,13.6100,13.6000,13.5900,13.6400,13.6500,13.6600,13.6700,13.6800,624,1390,1083,2983,1526,1447,2800,1371,1525,2666
SZ,000001,2019-06-27 09:40:09,13.6400,61,2036688.0000,1494,B,13.6300,13.6200,13.6100,13.6000,13.5900,13.6400,13.6500,13.6600,13.6700,13.6800,648,1333,1064,2983,1526,256,2800,1374,1525,2666
SZ,000001,2019-06-27 09:40:12,13.6300,28,1275424.0000,935,S,13.6200,13.6100,13.6000,13.5900,13.5800,13.6300,13.6400,13.6500,13.6600,13.6700,1332,1064,2983,1526,574,512,59,2800,1377,1525
SZ,000001,2019-06-27 09:40:15,13.6300,17,860048.0000,631,B,13.6200,13.6100,13.6000,13.5900,13.5800,13.6300,13.6400,13.6500,13.6600,13.6700,1349,1078,2943,1526,573,224,72,2800,1381,1525
SZ,000001,2019-06-27 09:40:18,13.6300,33,608480.0000,447,B,13.6300,13.6200,13.6100,13.6000,13.5900,13.6400,13.6500,13.6600,13.6700,13.6800,169,1357,1078,2943,1526,127,2801,1381,1525,2766
SZ,000001,2019-06-27 09:40:21,13.6400,21,255056.0000,187,B,13.6300,13.6200,13.6100,13.6000,13.5900,13.6400,13.6500,13.6600,13.6700,13.6800,180,1333,1078,2943,1526,16,2815,1381,1538,2766
SZ,000001,2019-06-27 09:40:24,13.6500,26,301536.0000,221,B,13.6400,13.6300,13.6200,13.6100,13.6000,13.6500,13.6600,13.6700,13.6800,13.6900,61,432,954,1078,2943,2703,1381,1538,2836,1860
SZ,000001,2019-06-27 09:40:27,13.6400,36,431216.0000,316,S,13.6400,13.6300,13.6200,13.6100,13.6000,13.6500,13.6600,13.6700,13.6800,13.6900,179,415,513,1078,2922,2504,1381,1540,2831,1860
SZ,000001,2019-06-27 09:40:30,13.6400,30,978208.0000,717,S,13.6300,13.6200,13.6100,13.6000,13.5900,13.6400,13.6500,13.6600,13.6700,13.6800,253,513,1084,2922,1432,86,2316,1381,1540,2831
SZ,000001,2019-06-27 09:40:33,13.6500,10,619616.0000,454,B,13.6400,13.6300,13.6200,13.6100,13.6000,13.6500,13.6600,13.6700,13.6800,13.6900,176,266,520,1084,2922,1955,1371,1564,2831,1958
SZ,000001,2019-06-27 09:40:36,13.6500,20,563408.0000,413,B,13.6400,13.6300,13.6200,13.6100,13.6000,13.6500,13.6600,13.6700,13.6800,13.6900,353,116,524,1084,2922,1865,1366,1565,2831,1958
SZ,000001,2019-06-27 09:40:39,13.6500,37,633296.0000,464,B,13.6400,13.6300,13.6200,13.6100,13.6000,13.6500,13.6600,13.6700,13.6800,13.6900,300,116,524,1084,2927,1599,1371,1575,2831,1958
SZ,000001,2019-06-27 09:40:42,13.6500,49,2029664.0000,1487,B,13.6400,13.6300,13.6200,13.6100,13.6000,13.6500,13.6600,13.6700,13.6800,13.6900,200,115,524,1084,2931,227,1395,1575,2842,1958
SZ,000001,2019-06-27 09:40:45,13.6400,73,1575840.0000,1154,S,13.6400,13.6300,13.6200,13.6100,13.6000,13.6500,13.6600,13.6700,13.6800,13.6900,420,115,524,1084,2931,272,763,1562,2845,1968
SZ,000001,2019-06-27 09:40:48,13.6500,24,946128.0000,693,B,13.6500,13.6400,13.6300,13.6200,13.6100,13.6600,13.6700,13.6800,13.6900,13.7000,95,422,111,524,1094,578,1562,2840,1968,2270
SZ,000001,2019-06-27 09:40:51,13.6500,6,229312.0000,168,S,13.6500,13.6400,13.6300,13.6200,13.6100,13.6600,13.6700,13.6800,13.6900,13.7000,805,422,359,524,1080,579,1562,2840,1988,2197
SZ,000001,2019-06-27 09:40:54,13.6600,33,882400.0000,646,B,13.6500,13.6400,13.6300,13.6200,13.6100,13.6600,13.6700,13.6800,13.6900,13.7000,1689,222,343,524,1080,16,1627,2840,1988,2207
SZ,000001,2019-06-27 09:40:57,13.6600,10,121760.0000,89,B,13.6600,13.6500,13.6400,13.6300,13.6200,13.6700,13.6800,13.6900,13.7000,13.7100,239,2674,41,343,516,1695,2793,1988,2226,307
SZ,000001,2019-06-27 09:41:00,13.6700,13,569984.0000,417,B,13.6600,13.6500,13.6400,13.6300,13.6200,13.6700,13.6800,13.6900,13.7000,13.7100,167,2749,41,343,291,1136,2793,1988,2242,307
SZ,000001,2019-06-27 09:41:03,13.6600,9,241872.0000,177,S,13.6600,13.6500,13.6400,13.6300,13.6200,13.6700,13.6800,13.6900,13.7000,13.7100,139,2749,41,343,291,1100,2793,2038,2224,307
SZ,000001,2019-06-27 09:41:06,13.6700,38,1003360.0000,734,B,13.6600,13.6500,13.6400,13.6300,13.6200,13.6700,13.6800,13.6900,13.7000,13.7100,356,2553,50,343,291,516,2793,2038,2229,351
SZ,000001,2019-06-27 09:41:09,13.6700,29,706720.0000,517,B,13.6600,13.6500,13.6400,13.6300,13.6200,13.6700,13.6800,13.6900,13.7000,13.7100,807,1622,20,343,184,174,2813,2038,2212,356
SZ,000001,2019-06-27 09:41:12,13.6700,15,880560.0000,644,B,13.6700,13.6600,13.6500,13.6400,13.6300,13.6800,13.6900,13.7000,13.7100,13.7200,769,815,1651,12,353,2649,2038,2206,386,917
SZ,000001,2019-06-27 09:41:15,13.6800,8,300912.0000,220,B,13.6700,13.6600,13.6500,13.6400,13.6300,13.6800,13.6900,13.7000,13.7100,13.7200,1714,681,1654,12,344,2609,2038,2216,391,947
SZ,000001,2019-06-27 09:41:18,13.6700,19,411728.0000,301,S,13.6700,13.6600,13.6500,13.6400,13.6300,13.6800,13.6900,13.7000,13.7100,13.7200,2968,550,1649,12,344,2848,2043,2239,395,949
SZ,000001,2019-06-27 09:41:21,13.6700,14,296816.0000,217,S,13.6700,13.6600,13.6500,13.6400,13.6300,13.6800,13.6900,13.7000,13.7100,13.7200,3034,684,1569,7,344,2673,2046,2230,395,949
SZ,000001,2019-06-27 09:41:24,13.6800,54,1041024.0000,761,B,13.6700,13.6600,13.6500,13.6400,13.6300,13.6800,13.6900,13.7000,13.7100,13.7200,3050,684,1572,7,344,2492,1946,2230,401,949
SZ,000001,2019-06-27 09:41:27,13.6700,22,525296.0000,384,S,13.6700,13.6600,13.6500,13.6400,13.6300,13.6800,13.6900,13.7000,13.7100,13.7200,3146,684,1572,7,324,2131,1947,2254,401,959
SZ,000001,2019-06-27 09:41:30,13.6700,34,607392.0000,444,S,13.6700,13.6600,13.6500,13.6400,13.6300,13.6800,13.6900,13.7000,13.7100,13.7200,3140,684,1571,7,324,1997,1922,2209,401,959
SZ,000001,2019-06-27 09:41:33,13.6800,21,685184.0000,501,B,13.6700,13.6600,13.6500,13.6400,13.6300,13.6800,13.6900,13.7000,13.7100,13.7200,2862,709,1579,7,324,1698,1922,2225,381,959
SZ,000001,2019-06-27 09:41:36,13.6700,32,1292704.0000,945,S,13.6700,13.6600,13.6500,13.6400,13.6300,13.6800,13.6900,13.7000,13.7100,13.7200,2922,738,1524,7,324,875,1932,2250,401,969
SZ,000001,2019-06-27 09:41:39,13.6800,16,601920.0000,440,B,13.6700,13.6600,13.6500,13.6400,13.6300,13.6800,13.6900,13.7000,13.7100,13.7200,2738,746,1524,7,324,685,1937,2249,401,969
SZ,000001,2019-06-27 09:41:42,13.6800,38,1013680.0000,741,B,13.6700,13.6600,13.6500,13.6400,13.6300,13.6800,13.6900,13.7000,13.7100,13.7200,3794,671,1520,7,324,481,1951,2238,401,1019
SZ,000001,2019-06-27 09:41:45,13.6800,31,1372416.0000,1003,B,13.6800,13.6700,13.6600,13.6500,13.6400,13.6900,13.7000,13.7100,13.7200,13.7300,643,3881,671,1294,7,1647,2254,462,1019,1137
SZ,000001,2019-06-27 09:41:48,13.6900,7,95808.0000,70,B,13.6800,13.6700,13.6600,13.6500,13.6400,13.6900,13.7000,13.7100,13.7200,13.7300,1304,2937,671,1294,7,1623,2259,462,1019,1142
SZ,000001,2019-06-27 09:41:51,13.6900,25,528304.0000,386,B,13.6800,13.6700,13.6600,13.6500,13.6400,13.6900,13.7000,13.7100,13.7200,13.7300,1943,2937,671,1293,7,1378,2260,462,1019,1142
SZ,000001,2019-06-27 09:41:54,13.6800,15,220336.0000,161,S,13.6800,13.6700,13.6600,13.6500,13.6400,13.6900,13.7000,13.7100,13.7200,13.7300,1959,2858,668,1211,8,1315,2258,466,1019,1142
SZ,000001,2019-06-27 09:41:57,13.6900,33,548944.0000,401,B,13.6800,13.6700,13.6600,13.6500,13.6400,13.6900,13.7000,13.7100,13.7200,13.7300,2797,2089,668,1211,8,1035,2291,500,1015,1142
SZ,000001,2019-06-27 09:42:00,13.6900,115,2366144.0000,1728,B,13.6800,13.6700,13.6600,13.6500,13.6400,13.6900,13.7000,13.7100,13.7200,13.7300,2844,2015,631,1211,8,50,2003,500,1055,1142
SZ,000001,2019-06-27 09:42:03,13.6900,22,547568.0000,400,B,13.6800,13.6700,13.6600,13.6500,13.6400,13.6900,13.7000,13.7100,13.7200,13.7300,2842,1926,623,1211,8,167,2006,530,1055,1142
SZ,000001,2019-06-27 09:42:06,13.7000,12,295744.0000,216,B,13.6900,13.6800,13.6700,13.6600,13.6500,13.7000,13.7100,13.7200,13.7300,13.7400,241,2937,1580,476,1211,2260,530,1042,1157,397
SZ,000001,2019-06-27 09:42:09,13.7000,14,224544.0000,164,B,13.6900,13.6800,13.6700,13.6600,13.6500,13.7000,13.7100,13.7200,13.7300,13.7400,638,2245,1580,476,1211,2356,533,1042,1157,397
SZ,000001,2019-06-27 09:42:12,13.6900,31,688672.0000,503,S,13.6900,13.6800,13.6700,13.6600,13.6500,13.7000,13.7100,13.7200,13.7300,13.7400,259,2245,1580,476,1211,2286,470,1053,1165,397
SZ,000001,2019-06-27 09:42:15,13.6900,21,335552.0000,245,S,13.6900,13.6800,13.6700,13.6600,13.6500,13.7000,13.7100,13.7200,13.7300,13.7400,653,1216,1575,476,1211,2137,489,1093,1364,397
SZ,000001,2019-06-27 09:42:18,13.7000,44,2732800.0000,1996,B,13.6900,13.6800,13.6700,13.6600,13.6500,13.7000,13.7100,13.7200,13.7300,13.7400,838,1147,1486,476,1211,1898,459,1083,1364,399
SZ,000001,2019-06-27 09:42:21,13.6900,30,743808.0000,543,S,13.6900,13.6800,13.6700,13.6600,13.6500,13.7000,13.7100,13.7200,13.7300,13.7400,739,1135,1486,476,1211,1657,504,1077,1364,381
SZ,000001,2019-06-27 09:42:24,13.6900,33,959872.0000,701,S,13.6900,13.6800,13.6700,13.6600,13.6500,13.7000,13.7100,13.7200,13.7300,13.7400,356,1054,1486,476,1211,1504,504,1077,1364,396
SZ,000001,2019-06-27 09:42:27,13.6900,42,521824.0000,381,S,13.6900,13.6800,13.6700,13.6600,13.6500,13.7000,13.7100,13.7200,13.7300,13.7400,652,1070,1486,476,1211,1728,504,1089,1364,401
SZ,000001,2019-06-27 09:42:30,13.6900,55,1747232.0000,1276,S,13.6900,13.6800,13.6700,13.6600,13.6500,13.7000,13.7100,13.7200,13.7300,13.7400,947,1065,1486,476,1211,1343,512,1095,1364,411
SZ,000001,2019-06-27 09:42:33,13.6900,2,21920.0000,16,S,13.6900,13.6800,13.6700,13.6600,13.6500,13.7000,13.7100,13.7200,13.7300,13.7400,943,1064,1486,476,1211,1342,512,1095,1374,412
SZ,000001,2019-06-27 09:42:36,13.7000,11,90384.0000,66,B,13.6900,13.6800,13.6700,13.6600,13.6500,13.7000,13.7100,13.7200,13.7300,13.7400,934,1061,1476,476,1211,1331,534,1035,1374,492
SZ,000001,2019-06-27 09:42:39,13.6900,31,1171072.0000,855,S,13.6900,13.6800,13.6700,13.6600,13.6500,13.7000,13.7100,13.7200,13.7300,13.7400,663,1069,1476,449,1211,893,534,1035,1429,496
SZ,000001,2019-06-27 09:42:42,13.7000,14,93120.0000,68,B,13.6900,13.6800,13.6700,13.6600,13.6500,13.7000,13.7100,13.7200,13.7300,13.7400,622,1069,1476,449,1211,892,541,1035,1429,496
SZ,000001,2019-06-27 09:42:45,13.6900,23,905456.0000,661,S,13.6900,13.6800,13.6700,13.6600,13.6500,13.7000,13.7100,13.7200,13.7300,13.7400,516,1080,1476,449,1211,623,616,1045,1429,496
SZ,000001,2019-06-27 09:42:48,13.6900,16,335424.0000,245,S,13.6900,13.6800,13.6700,13.6600,13.6500,13.7000,13.7100,13.7200,13.7300,13.7400,1393,1087,1476,449,1211,1319,649,1045,1433,508
SZ,000001,2019-06-27 09:42:51,13.6900,21,290400.0000,212,S,13.6900,13.6800,13.6700,13.6600,13.6500,13.7000,13.7100,13.7200,13.7300,13.7400,1345,1087,1476,449,1217,1479,669,1045,1433,539
SZ,000001,2019-06-27 09:42:54,13.6900,22,721488.0000,527,S,13.6900,13.6800,13.6700,13.6600,13.6500,13.7000,13.7100,13.7200,13.7300,13.7400,860,587,1473,449,1217,1648,670,1045,1433,539
SZ,000001,2019-06-27 09:42:57,13.6900,18,1307408.0000,955,S,13.6800,13.6700,13.6600,13.6500,13.6400,13.6900,13.7000,13.7100,13.7200,13.7300,587,1473,449,1217,8,1311,2094,729,1044,1433
SZ,000001,2019-06-27 09:43:00,13.6800,31,1123120.0000,821,S,13.6700,13.6600,13.6500,13.6400,13.6300,13.6800,13.6900,13.7000,13.7100,13.7200,1473,449,1217,8,333,240,1737,2238,1299,1044
SZ,000001,2019-06-27 09:43:03,13.6700,7,199616.0000,146,S,13.6700,13.6600,13.6500,13.6400,13.6300,13.6800,13.6900,13.7000,13.7100,13.7200,1364,449,1217,8,333,556,1401,1990,1284,1049
SZ,000001,2019-06-27 09:43:06,13.6800,26,596096.0000,436,B,13.6700,13.6600,13.6500,13.6400,13.6300,13.6800,13.6900,13.7000,13.7100,13.7200,1011,449,1217,8,333,566,1485,1925,1286,1057
SZ,000001,2019-06-27 09:43:09,13.6700,18,534736.0000,391,S,13.6700,13.6600,13.6500,13.6400,13.6300,13.6800,13.6900,13.7000,13.7100,13.7200,853,449,1219,10,333,363,1473,2061,1271,1070
SZ,000001,2019-06-27 09:43:12,13.6800,28,614160.0000,449,B,13.6700,13.6600,13.6500,13.6400,13.6300,13.6800,13.6900,13.7000,13.7100,13.7200,788,449,719,10,333,203,1460,1987,1272,1071
SZ,000001,2019-06-27 09:43:15,13.6800,15,426720.0000,312,B,13.6700,13.6600,13.6500,13.6400,13.6300,13.6800,13.6900,13.7000,13.7100,13.7200,696,444,729,10,333,117,1470,1992,1277,1071
SZ,000001,2019-06-27 09:43:18,13.6800,14,418336.0000,306,B,13.6700,13.6600,13.6500,13.6400,13.6300,13.6800,13.6900,13.7000,13.7100,13.7200,436,444,729,20,333,184,1469,1992,1277,1080
SZ,000001,2019-06-27 09:43:21,13.6700,7,142192.0000,104,S,13.6700,13.6600,13.6500,13.6400,13.6300,13.6800,13.6900,13.7000,13.7100,13.7200,782,444,730,20,333,310,1492,1963,1277,1074
SZ,000001,2019-06-27 09:43:24,13.6700,8,1110032.0000,812,S,13.6600,13.6500,13.6400,13.6300,13.6200,13.6700,13.6800,13.6900,13.7000,13.7100,444,730,20,333,162,609,460,1483,2027,1277
SZ,000001,2019-06-27 09:43:27,13.6700,5,38272.0000,28,B,13.6600,13.6500,13.6400,13.6300,13.6200,13.6700,13.6800,13.6900,13.7000,13.7100,902,730,20,334,162,776,629,1523,2029,1277
SZ,000001,2019-06-27 09:43:30,13.6600,8,125760.0000,92,S,13.6600,13.6500,13.6400,13.6300,13.6200,13.6700,13.6800,13.6900,13.7000,13.7100,880,730,20,334,162,918,696,1548,2060,1277
SZ,000001,2019-06-27 09:43:33,13.6700,34,1421680.0000,1040,B,13.6700,13.6600,13.6500,13.6400,13.6300,13.6800,13.6900,13.7000,13.7100,13.7200,175,829,746,103,334,712,1619,2003,1267,1076
SZ,000001,2019-06-27 09:43:36,13.6600,11,344464.0000,252,S,13.6600,13.6500,13.6400,13.6300,13.6200,13.6700,13.6800,13.6900,13.7000,13.7100,797,746,103,334,162,566,730,1618,2001,1267
SZ,000001,2019-06-27 09:43:39,13.6700,16,951408.0000,696,B,13.6600,13.6500,13.6400,13.6300,13.6200,13.6700,13.6800,13.6900,13.7000,13.7100,1132,746,103,334,162,5,772,1623,1995,1273
SZ,000001,2019-06-27 09:43:42,13.6800,40,540096.0000,395,B,13.6700,13.6600,13.6500,13.6400,13.6300,13.6800,13.6900,13.7000,13.7100,13.7200,277,1016,746,103,334,576,1666,2098,1253,1067
SZ,000001,2019-06-27 09:43:45,13.6800,44,835568.0000,611,B,13.6700,13.6600,13.6500,13.6400,13.6300,13.6800,13.6900,13.7000,13.7100,13.7200,15,1077,746,103,334,278,1858,2157,1253,1067
SZ,000001,2019-06-27 09:43:48,13.6700,27,370544.0000,271,S,13.6700,13.6600,13.6500,13.6400,13.6300,13.6800,13.6900,13.7000,13.7100,13.7200,40,1057,746,103,334,199,1858,2176,1253,1217
SZ,000001,2019-06-27 09:43:51,13.6700,43,1334016.0000,975,S,13.6700,13.6600,13.6500,13.6400,13.6300,13.6900,13.7000,13.7100,13.7200,13.7300,20,261,746,103,334,1439,2181,1253,1217,1531
SZ,000001,2019-06-27 09:43:54,13.6700,9,175136.0000,128,S,13.6600,13.6500,13.6400,13.6300,13.6200,13.6700,13.6800,13.6900,13.7000,13.7100,283,736,103,334,162,5,171,1515,2269,1253
SZ,000001,2019-06-27 09:43:57,13.6700,26,503168.0000,368,B,13.6700,13.6600,13.6500,13.6400,13.6300,13.6800,13.6900,13.7000,13.7100,13.7200,1,566,736,103,334,208,1505,2281,1253,1218
SZ,000001,2019-06-27 09:44:00,13.6800,20,252992.0000,185,B,13.6600,13.6500,13.6400,13.6300,13.6200,13.6800,13.6900,13.7000,13.7100,13.7200,552,736,103,334,162,281,1451,2268,1253,1218
SZ,000001,2019-06-27 09:44:03,13.6700,12,184608.0000,135,S,13.6600,13.6500,13.6400,13.6300,13.6200,13.6700,13.6800,13.6900,13.7000,13.7100,532,736,103,334,162,4,670,1466,2288,1253
SZ,000001,2019-06-27 09:44:06,13.6700,28,1055488.0000,772,B,13.6600,13.6500,13.6400,13.6300,13.6200,13.6700,13.6800,13.6900,13.7000,13.7100,689,736,103,334,162,18,1303,1497,2292,1253
SZ,000001,2019-06-27 09:44:09,13.6800,14,242064.0000,177,B,13.6700,13.6600,13.6500,13.6400,13.6300,13.6800,13.6900,13.7000,13.7100,13.7200,198,1378,736,108,334,1294,1583,2328,1253,1232
SZ,000001,2019-06-27 09:44:12,13.6800,23,522480.0000,382,B,13.6700,13.6600,13.6500,13.6400,13.6300,13.6800,13.6900,13.7000,13.7100,13.7200,365,1373,753,115,334,1263,1552,2389,1253,1240
SZ,000001,2019-06-27 09:44:15,13.6800,14,757840.0000,554,B,13.6700,13.6600,13.6500,13.6400,13.6300,13.6800,13.6900,13.7000,13.7100,13.7200,362,1373,753,115,324,840,1525,2629,1256,1240
SZ,000001,2019-06-27 09:44:18,13.6700,39,1262688.0000,923,S,13.6800,13.6700,13.6600,13.6500,13.6400,13.6900,13.7000,13.7100,13.7200,13.7300,108,2103,1090,753,115,1519,2641,1256,1240,1556
SZ,000001,2019-06-27 09:44:21,13.6900,95,2307040.0000,1685,B,13.6900,13.6800,13.6700,13.6600,13.6500,13.7000,13.7100,13.7200,13.7300,13.7400,52,562,2094,401,753,2717,1256,1245,1556,823
SZ,000001,2019-06-27 09:44:24,13.6900,105,3341376.0000,2439,S,13.6900,13.6800,13.6700,13.6600,13.6500,13.7000,13.7100,13.7200,13.7300,13.7400,393,795,2039,401,753,478,1256,1245,1597,913
SZ,000001,2019-06-27 09:44:27,13.7000,23,882416.0000,644,B,13.7000,13.6900,13.6800,13.6700,13.6600,13.7100,13.7200,13.7300,13.7400,13.7500,1470,797,744,1590,401,1116,1245,1597,912,2497
SZ,000001,2019-06-27 09:44:30,13.7100,65,2637056.0000,1924,B,13.7000,13.6900,13.6800,13.6700,13.6600,13.7100,13.7200,13.7300,13.7400,13.7500,1984,797,515,1590,401,60,1245,1597,912,2497
SZ,000001,2019-06-27 09:44:33,13.7100,23,485472.0000,354,B,13.7100,13.7000,13.6900,13.6800,13.6700,13.7200,13.7300,13.7400,13.7500,13.7600,65,1998,645,515,1477,1070,1617,912,2497,415
SZ,000001,2019-06-27 09:44:36,13.7100,6,31552.0000,23,S,13.7100,13.7000,13.6900,13.6800,13.6700,13.7200,13.7300,13.7400,13.7500,13.7600,65,1898,645,515,1477,1144,1617,912,2292,415
SZ,000001,2019-06-27 09:44:39,13.7200,7,89168.0000,65,B,13.7100,13.7000,13.6900,13.6800,13.6700,13.7200,13.7300,13.7400,13.7500,13.7600,586,1903,252,343,1477,1095,1617,912,2297,415
SZ,000001,2019-06-27 09:44:42,13.7200,20,367600.0000,268,B,13.7100,13.7000,13.6900,13.6800,13.6700,13.7200,13.7300,13.7400,13.7500,13.7600,633,421,252,342,1477,935,1617,972,2361,452
SZ,000001,2019-06-27 09:44:45,13.7100,36,702432.0000,512,S,13.7100,13.7000,13.6900,13.6800,13.6700,13.7200,13.7300,13.7400,13.7500,13.7600,616,420,252,342,1477,554,1617,975,2354,458
SZ,000001,2019-06-27 09:44:48,13.7200,51,1037216.0000,756,B,13.7200,13.7100,13.7000,13.6900,13.6800,13.7300,13.7400,13.7500,13.7600,13.7700,336,610,440,328,392,1622,925,2319,458,438
SZ,000001,2019-06-27 09:44:51,13.7300,19,1169760.0000,852,B,13.7200,13.7100,13.7000,13.6900,13.6800,13.7300,13.7400,13.7500,13.7600,13.7700,886,474,440,328,392,806,960,2349,468,438
SZ,000001,2019-06-27 09:44:54,13.7300,36,1316688.0000,959,B,13.7200,13.7100,13.7000,13.6900,13.6800,13.7300,13.7400,13.7500,13.7600,13.7700,843,474,456,328,392,11,963,2349,468,438
SZ,000001,2019-06-27 09:44:57,13.7300,13,105776.0000,77,B,13.7300,13.7200,13.7100,13.7000,13.6900,13.7400,13.7500,13.7600,13.7700,13.7800,1010,853,473,432,441,911,2378,488,438,2300
SZ,000001,2019-06-27 09:45:00,13.7300,5,53568.0000,39,S,13.7300,13.7200,13.7100,13.7000,13.6900,13.7400,13.7500,13.7600,13.7700,13.7800,3056,521,343,432,441,919,2368,502,432,2300
SZ,000001,2019-06-27 09:45:03,13.7400,47,1614432.0000,1175,B,13.7400,13.7300,13.7200,13.7100,13.7000,13.7500,13.7600,13.7700,13.7800,13.7900,260,3298,521,343,414,2309,504,447,2300,1578
SZ,000001,2019-06-27 09:45:06,13.7400,8,71472.0000,52,S,13.7400,13.7300,13.7200,13.7100,13.7000,13.7500,13.7600,13.7700,13.7800,13.7900,275,3428,529,27,414,2176,503,455,2297,1578
SZ,000001,2019-06-27 09:45:09,13.7500,5,24752.0000,18,B,13.7400,13.7300,13.7200,13.7100,13.7000,13.7500,13.7600,13.7700,13.7800,13.7900,909,2408,529,27,414,2125,503,449,2297,1618
SZ,000001,2019-06-27 09:45:12,13.7500,65,2985056.0000,2172,B,13.7400,13.7300,13.7200,13.7100,13.7000,13.7500,13.7600,13.7700,13.7800,13.7900,417,423,531,27,424,1403,503,452,2297,1619
SZ,000001,2019-06-27 09:45:15,13.7500,13,645904.0000,470,B,13.7400,13.7300,13.7200,13.7100,13.7000,13.7500,13.7600,13.7700,13.7800,13.7900,112,423,292,27,424,1238,463,473,2298,1629
SZ,000001,2019-06-27 09:45:18,13.7500,54,819280.0000,596,B,13.7400,13.7300,13.7200,13.7100,13.7000,13.7500,13.7600,13.7700,13.7800,13.7900,220,405,292,27,394,892,463,460,2303,1629
SZ,000001,2019-06-27 09:45:21,13.7500,24,367040.0000,267,B,13.7400,13.7300,13.7200,13.7100,13.7000,13.7500,13.7600,13.7700,13.7800,13.7900,579,403,284,27,416,755,452,463,2281,1666
SZ,000001,2019-06-27 09:45:24,13.7400,17,1596592.0000,1162,S,13.7300,13.7200,13.7100,13.7000,13.6900,13.7400,13.7500,13.7600,13.7700,13.7800,403,33,27,416,196,1604,930,452,476,2289
SZ,000001,2019-06-27 09:45:27,13.7300,31,843024.0000,614,S,13.7200,13.7100,13.7000,13.6900,13.6800,13.7300,13.7400,13.7500,13.7600,13.7700,33,27,401,196,342,305,1638,914,453,660
SZ,000001,2019-06-27 09:45:30,13.7200,20,362224.0000,264,S,13.7100,13.7000,13.6900,13.6800,13.6700,13.7200,13.7300,13.7400,13.7500,13.7600,27,385,196,342,1509,716,605,1638,1330,453
SZ,000001,2019-06-27 09:45:33,13.7200,10,513120.0000,374,B,13.7100,13.7000,13.6900,13.6800,13.6700,13.7200,13.7300,13.7400,13.7500,13.7600,69,385,196,348,1509,18,732,1650,1360,454
SZ,000001,2019-06-27 09:45:36,13.7200,15,437744.0000,319,B,13.7100,13.7000,13.6900,13.6800,13.6700,13.7200,13.7300,13.7400,13.7500,13.7600,56,385,196,348,1509,444,222,1653,1381,454
SZ,000001,2019-06-27 09:45:39,13.7200,9,212480.0000,155,B,13.7000,13.6900,13.6800,13.6700,13.6600,13.7200,13.7300,13.7400,13.7500,13.7600,356,196,348,1509,338,572,236,1672,1381,459
SZ,000001,2019-06-27 09:45:42,13.7000,7,58976.0000,43,S,13.7000,13.6900,13.6800,13.6700,13.6600,13.7100,13.7200,13.7300,13.7400,13.7500,699,196,356,1509,338,17,562,238,1783,1430
SZ,000001,2019-06-27 09:45:45,13.7000,9,117856.0000,86,S,13.7000,13.6900,13.6800,13.6700,13.6600,13.7100,13.7200,13.7300,13.7400,13.7500,688,196,356,1507,338,206,1567,365,1783,1445
SZ,000001,2019-06-27 09:45:48,13.7000,6,331616.0000,242,S,13.7000,13.6900,13.6800,13.6700,13.6600,13.7100,13.7200,13.7300,13.7400,13.7500,1187,196,355,1507,338,258,1548,375,1783,1449
SZ,000001,2019-06-27 09:45:51,13.7000,10,61664.0000,45,S,13.7000,13.6900,13.6800,13.6700,13.6600,13.7100,13.7200,13.7300,13.7400,13.7500,1169,196,358,1507,338,247,1579,385,1682,1487
SZ,000001,2019-06-27 09:45:54,13.7100,9,100048.0000,73,B,13.7000,13.6900,13.6800,13.6700,13.6600,13.7100,13.7200,13.7300,13.7400,13.7500,1139,196,358,1507,338,331,1583,395,1697,1714
SZ,000001,2019-06-27 09:45:57,13.7000,11,304144.0000,222,S,13.7000,13.6900,13.6800,13.6700,13.6600,13.7100,13.7200,13.7300,13.7400,13.7500,921,196,368,1507,338,364,1613,405,1753,1956
SZ,000001,2019-06-27 09:46:00,13.7100,28,771680.0000,563,B,13.7100,13.7000,13.6900,13.6800,13.6700,13.7200,13.7300,13.7400,13.7500,13.7600,141,733,192,375,1507,1619,405,1743,1985,458
SZ,000001,2019-06-27 09:46:03,13.7200,22,848528.0000,619,B,13.7100,13.7000,13.6900,13.6800,13.6700,13.7200,13.7300,13.7400,13.7500,13.7600,141,516,192,375,1507,1559,430,1741,2022,470
SZ,000001,2019-06-27 09:46:06,13.7100,9,197424.0000,144,S,13.7100,13.7000,13.6900,13.6800,13.6700,13.7200,13.7300,13.7400,13.7500,13.7600,18,537,192,375,1507,1646,436,1741,2016,470
SZ,000001,2019-06-27 09:46:09,13.7100,16,312576.0000,228,S,13.7100,13.7000,13.6900,13.6800,13.6700,13.7200,13.7300,13.7400,13.7500,13.7600,66,36,193,385,1507,1713,431,1741,2027,480
SZ,000001,2019-06-27 09:46:12,13.7100,10,163152.0000,119,S,13.7100,13.7000,13.6900,13.6800,13.6700,13.7200,13.7300,13.7400,13.7500,13.7600,145,36,193,405,1507,1776,426,1834,2064,520
SZ,000001,2019-06-27 09:46:15,13.7100,10,453888.0000,331,S,13.7100,13.7000,13.6900,13.6800,13.6700,13.7200,13.7300,13.7400,13.7500,13.7600,432,36,79,405,1507,1682,485,1834,2089,520
SZ,000001,2019-06-27 09:46:18,13.7200,10,197520.0000,144,B,13.7100,13.7000,13.6900,13.6800,13.6700,13.7200,13.7300,13.7400,13.7500,13.7600,396,38,100,398,1507,1589,521,1841,2089,520
SZ,000001,2019-06-27 09:46:21,13.7100,9,230368.0000,168,S,13.7100,13.7000,13.6900,13.6800,13.6700,13.7200,13.7300,13.7400,13.7500,13.7600,1090,63,210,398,1507,1557,551,1842,2098,571
SZ,000001,2019-06-27 09:46:24,13.7200,7,89168.0000,65,B,13.7100,13.7000,13.6900,13.6800,13.6700,13.7200,13.7300,13.7400,13.7500,13.7600,1085,70,220,398,1507,1502,581,1865,2112,571
SZ,000001,2019-06-27 09:46:27,13.7200,8,197424.0000,144,B,13.7100,13.7000,13.6900,13.6800,13.6700,13.7200,13.7300,13.7400,13.7500,13.7600,953,60,220,398,1507,1516,481,1877,2121,571
SZ,000001,2019-06-27 09:46:30,13.7200,7,229024.0000,167,B,13.7100,13.7000,13.6900,13.6800,13.6700,13.7200,13.7300,13.7400,13.7500,13.7600,859,60,199,398,1507,1450,481,1878,2189,771
SZ,000001,2019-06-27 09:46:33,13.7100,11,244064.0000,178,S,13.7100,13.7000,13.6900,13.6800,13.6700,13.7200,13.7300,13.7400,13.7500,13.7600,700,60,199,398,1507,1494,482,1883,2489,774
SZ,000001,2019-06-27 09:46:36,13.7100,8,281056.0000,205,S,13.7100,13.7000,13.6900,13.6800,13.6700,13.7200,13.7300,13.7400,13.7500,13.7600,495,68,199,398,1507,1520,482,1883,2520,774
SZ,000001,2019-06-27 09:46:39,13.7100,25,1461728.0000,1066,S,13.7000,13.6900,13.6800,13.6700,13.6600,13.7100,13.7200,13.7300,13.7400,13.7500,68,199,545,1507,337,2,1390,482,1933,2521
SZ,000001,2019-06-27 09:46:42,13.7100,5,150912.0000,110,B,13.7000,13.6900,13.6800,13.6700,13.6600,13.7100,13.7200,13.7300,13.7400,13.7500,233,199,545,1507,337,198,1205,482,342,2527
SZ,000001,2019-06-27 09:46:45,13.7100,29,496192.0000,362,B,13.7000,13.6900,13.6800,13.6700,13.6600,13.7100,13.7200,13.7300,13.7400,13.7500,370,123,545,1507,337,195,1215,497,347,2532
SZ,000001,2019-06-27 09:46:48,13.7000,11,598720.0000,437,S,13.6900,13.6800,13.6700,13.6600,13.6500,13.7000,13.7100,13.7200,13.7300,13.7400,123,545,1507,337,715,89,251,1220,486,347
SZ,000001,2019-06-27 09:46:51,13.7000,7,141104.0000,103,B,13.6900,13.6800,13.6700,13.6600,13.6500,13.7000,13.7100,13.7200,13.7300,13.7400,388,545,1507,337,715,364,147,1220,546,328
SZ,000001,2019-06-27 09:46:54,13.7000,12,313728.0000,229,B,13.6900,13.6800,13.6700,13.6600,13.6500,13.7000,13.7100,13.7200,13.7300,13.7400,378,545,1507,337,715,188,191,1225,546,328
SZ,000001,2019-06-27 09:46:57,13.6900,1,2736.0000,2,S,13.6900,13.6800,13.6700,13.6600,13.6500,13.7000,13.7100,13.7200,13.7300,13.7400,379,545,1507,337,715,243,208,1220,546,348
SZ,000001,2019-06-27 09:47:00,13.6900,6,23280.0000,17,S,13.6900,13.6800,13.6700,13.6600,13.6500,13.7000,13.7100,13.7200,13.7300,13.7400,373,545,1507,337,715,270,211,1173,547,350
SZ,000001,2019-06-27 09:47:03,13.7100,21,382224.0000,279,B,13.7000,13.6900,13.6800,13.6700,13.6600,13.7100,13.7200,13.7300,13.7400,13.7500,210,504,545,1507,337,219,1129,547,350,2749
SZ,000001,2019-06-27 09:47:06,13.7000,8,75360.0000,55,S,13.7000,13.6900,13.6800,13.6700,13.6600,13.7100,13.7200,13.7300,13.7400,13.7500,230,512,545,1507,337,208,1125,547,335,2860
SZ,000001,2019-06-27 09:47:09,13.7000,6,109616.0000,80,S,13.7000,13.6900,13.6800,13.6700,13.6600,13.7100,13.7200,13.7300,13.7400,13.7500,169,507,545,1507,337,306,1025,547,335,2873
SZ,000001,2019-06-27 09:47:12,13.7000,6,117824.0000,86,S,13.7000,13.6900,13.6800,13.6700,13.6600,13.7100,13.7200,13.7300,13.7400,13.7500,485,281,545,1507,337,355,1025,547,335,2876
SZ,000001,2019-06-27 09:47:15,13.7000,15,167232.0000,122,S,13.7000,13.6900,13.6800,13.6700,13.6600,13.7100,13.7200,13.7300,13.7400,13.7500,458,281,553,1507,337,302,1025,547,345,3005
SZ,000001,2019-06-27 09:47:18,13.7000,5,69872.0000,51,S,13.7000,13.6900,13.6800,13.6700,13.6600,13.7100,13.7200,13.7300,13.7400,13.7500,421,271,553,1507,337,313,1025,565,365,3015
SZ,000001,2019-06-27 09:47:21,13.7000,8,121968.0000,89,S,13.7000,13.6900,13.6800,13.6700,13.6600,13.7100,13.7200,13.7300,13.7400,13.7500,392,271,553,1507,337,309,1025,571,468,3048
SZ,000001,2019-06-27 09:47:24,13.7000,21,154880.0000,113,S,13.7000,13.6900,13.6800,13.6700,13.6600,13.7100,13.7200,13.7300,13.7400,13.7500,359,271,553,1507,337,242,1025,571,578,3058
SZ,000001,2019-06-27 09:47:27,13.7100,6,279584.0000,204,B,13.7000,13.6900,13.6800,13.6700,13.6600,13.7100,13.7200,13.7300,13.7400,13.7500,261,271,553,1507,357,151,1025,585,588,3064
SZ,000001,2019-06-27 09:47:30,13.7100,25,305696.0000,223,B,13.7000,13.6900,13.6800,13.6700,13.6600,13.7100,13.7200,13.7300,13.7400,13.7500,237,271,553,1507,357,15,1025,588,598,3084
SZ,000001,2019-06-27 09:47:33,13.7100,10,82272.0000,60,B,13.7000,13.6900,13.6800,13.6700,13.6600,13.7100,13.7200,13.7300,13.7400,13.7500,230,271,553,1507,357,85,1016,578,598,3084
SZ,000001,2019-06-27 09:47:36,13.7100,5,60320.0000,44,B,13.7000,13.6900,13.6800,13.6700,13.6600,13.7100,13.7200,13.7300,13.7400,13.7500,210,271,553,1507,357,90,1016,583,598,3084
SZ,000001,2019-06-27 09:47:39,13.7100,16,227520.0000,166,B,13.7000,13.6900,13.6800,13.6700,13.6600,13.7100,13.7200,13.7300,13.7400,13.7500,147,146,553,1507,357,15,1016,603,550,3102
SZ,000001,2019-06-27 09:47:42,13.7000,17,186416.0000,136,S,13.7000,13.6900,13.6800,13.6700,13.6600,13.7100,13.7200,13.7300,13.7400,13.7500,259,146,553,1507,357,8,1004,603,556,3075
SZ,000001,2019-06-27 09:47:45,13.7100,15,194592.0000,142,B,13.7000,13.6900,13.6800,13.6700,13.6600,13.7100,13.7200,13.7300,13.7400,13.7500,165,146,553,1507,357,6,1074,605,558,3075
SZ,000001,2019-06-27 09:47:48,13.7200,12,274048.0000,200,B,13.7100,13.7000,13.6900,13.6800,13.6700,13.7200,13.7300,13.7400,13.7500,13.7600,198,17,143,553,1507,1071,605,558,3080,975
SZ,000001,2019-06-27 09:47:51,13.7100,4,72672.0000,53,S,13.7100,13.7000,13.6900,13.6800,13.6700,13.7200,13.7300,13.7400,13.7500,13.7600,413,6,143,556,1510,1103,605,558,3085,975
SZ,000001,2019-06-27 09:47:54,13.7100,3,32896.0000,24,S,13.7100,13.7000,13.6900,13.6800,13.6700,13.7200,13.7300,13.7400,13.7500,13.7600,809,32,143,556,1510,1211,605,558,3105,980
SZ,000001,2019-06-27 09:47:57,13.7200,9,130320.0000,95,B,13.7100,13.7000,13.6900,13.6800,13.6700,13.7200,13.7300,13.7400,13.7500,13.7600,791,32,143,556,1510,1152,605,558,3105,980
SZ,000001,2019-06-27 09:48:00,13.7200,7,340032.0000,248,B,13.7100,13.7000,13.6900,13.6800,13.6700,13.7200,13.7300,13.7400,13.7500,13.7600,570,32,143,556,1510,1138,607,558,3115,980
SZ,000001,2019-06-27 09:48:03,13.7200,9,127504.0000,93,B,13.7100,13.7000,13.6900,13.6800,13.6700,13.7200,13.7300,13.7400,13.7500,13.7600,517,42,143,556,1510,1280,607,662,3124,980
SZ,000001,2019-06-27 09:48:06,13.7200,11,360832.0000,263,B,13.7100,13.7000,13.6900,13.6800,13.6700,13.7200,13.7300,13.7400,13.7500,13.7600,509,62,143,556,1510,1622,607,667,3155,987
SZ,000001,2019-06-27 09:48:09,13.7100,9,630992.0000,460,S,13.7100,13.7000,13.6900,13.6800,13.6700,13.7200,13.7300,13.7400,13.7500,13.7600,388,63,143,556,1510,1439,612,867,3201,987
SZ,000001,2019-06-27 09:48:12,13.7100,35,847504.0000,618,S,13.7000,13.6900,13.6800,13.6700,13.6600,13.7100,13.7200,13.7300,13.7400,13.7500,63,143,307,1510,363,1310,1212,666,1170,3216
SZ,000001,2019-06-27 09:48:15,13.7000,13,803248.0000,586,S,13.6900,13.6800,13.6700,13.6600,13.6500,13.7100,13.7200,13.7300,13.7400,13.7500,143,307,1510,363,725,1691,1177,666,1170,3216
SZ,000001,2019-06-27 09:48:18,13.7100,11,572784.0000,418,B,13.7000,13.6800,13.6700,13.6600,13.6500,13.7100,13.7200,13.7300,13.7400,13.7500,7,307,1477,363,725,1594,1099,586,1184,3216
SZ,000001,2019-06-27 09:48:21,13.7000,6,40720.0000,30,S,13.6800,13.6700,13.6600,13.6500,13.6400,13.6900,13.7000,13.7100,13.7200,13.7300,307,1477,363,725,33,10,5,1616,1099,586
SZ,000001,2019-06-27 09:48:24,13.6900,6,57504.0000,42,B,13.6800,13.6700,13.6600,13.6500,13.6400,13.6900,13.7000,13.7100,13.7200,13.7300,1725,1477,363,725,28,193,90,1422,1100,586
SZ,000001,2019-06-27 09:48:27,13.6800,5,156048.0000,114,S,13.6800,13.6700,13.6600,13.6500,13.6400,13.6900,13.7000,13.7100,13.7200,13.7300,1705,1477,363,725,28,99,135,1530,1100,645
SZ,000001,2019-06-27 09:48:30,13.6800,10,213504.0000,156,S,13.6800,13.6700,13.6600,13.6500,13.6400,13.6900,13.7000,13.7100,13.7200,13.7300,1721,1477,363,732,28,46,320,1616,1109,689
SZ,000001,2019-06-27 09:48:33,13.6800,8,43792.0000,32,S,13.6800,13.6700,13.6600,13.6500,13.6400,13.7000,13.7100,13.7200,13.7300,13.7400,1712,1477,363,732,28,321,1616,1109,689,1201
SZ,000001,2019-06-27 09:48:36,13.6800,4,16416.0000,12,S,13.6800,13.6700,13.6600,13.6500,13.6400,13.7000,13.7100,13.7200,13.7300,13.7400,1690,1527,363,732,28,422,1642,1109,689,1210
SZ,000001,2019-06-27 09:48:39,13.6800,15,176544.0000,129,S,13.6800,13.6700,13.6600,13.6500,13.6400,13.7000,13.7100,13.7200,13.7300,13.7400,1651,1527,363,732,28,394,1074,1099,688,1210
SZ,000001,2019-06-27 09:48:42,13.7000,3,50656.0000,37,B,13.6800,13.6700,13.6600,13.6500,13.6400,13.7000,13.7100,13.7200,13.7300,13.7400,1631,1527,363,732,28,417,1095,1099,688,1210
SZ,000001,2019-06-27 09:48:45,13.7000,13,198448.0000,145,B,13.6800,13.6700,13.6600,13.6500,13.6400,13.7000,13.7100,13.7200,13.7300,13.7400,1637,1527,363,732,28,1103,1095,1199,698,1210
SZ,000001,2019-06-27 09:48:48,13.7000,8,72576.0000,53,B,13.6800,13.6700,13.6600,13.6500,13.6400,13.7000,13.7100,13.7200,13.7300,13.7400,1529,1527,363,732,28,1130,1100,1149,698,1210
SZ,000001,2019-06-27 09:48:51,13.7000,10,422816.0000,309,B,13.6900,13.6800,13.6700,13.6600,13.6500,13.7000,13.7100,13.7200,13.7300,13.7400,17,1317,1527,363,736,1170,1100,1149,698,1220
SZ,000001,2019-06-27 09:48:54,13.7000,19,242368.0000,177,B,13.6900,13.6800,13.6700,13.6600,13.6500,13.7000,13.7100,13.7200,13.7300,13.7400,326,1162,1527,363,742,1174,1100,1149,718,1230
SZ,000001,2019-06-27 09:48:57,13.7000,20,564384.0000,412,B,13.6900,13.6800,13.6700,13.6600,13.6500,13.7000,13.7100,13.7200,13.7300,13.7400,270,1129,147,363,738,838,1100,1149,718,1235
SZ,000001,2019-06-27 09:49:00,13.7000,16,572544.0000,418,B,13.6900,13.6800,13.6700,13.6600,13.6500,13.7000,13.7100,13.7200,13.7300,13.7400,217,1137,147,363,739,560,1100,1175,718,1237
SZ,000001,2019-06-27 09:49:03,13.7000,50,1146816.0000,837,B,13.7000,13.6900,13.6800,13.6700,13.6600,13.7100,13.7200,13.7300,13.7400,13.7500,295,443,1137,147,363,1060,1242,718,1237,3848
SZ,000001,2019-06-27 09:49:06,13.7000,9,158944.0000,116,S,13.7000,13.6900,13.6800,13.6700,13.6600,13.7100,13.7200,13.7300,13.7400,13.7500,335,446,1137,147,363,1202,1263,726,1237,3848
SZ,000001,2019-06-27 09:49:09,13.7000,21,572864.0000,418,S,13.7000,13.6900,13.6800,13.6700,13.6600,13.7100,13.7200,13.7300,13.7400,13.7500,117,446,1129,147,403,1010,1313,672,1237,3842
SZ,000001,2019-06-27 09:49:12,13.7000,19,319296.0000,233,S,13.7000,13.6900,13.6800,13.6700,13.6600,13.7100,13.7200,13.7300,13.7400,13.7500,151,233,1131,147,403,947,1308,722,1237,3638
SZ,000001,2019-06-27 09:49:15,13.7000,17,890496.0000,650,S,13.6900,13.6800,13.6700,13.6600,13.6500,13.7000,13.7100,13.7200,13.7300,13.7400,191,1131,147,403,739,950,884,1308,715,1237
SZ,000001,2019-06-27 09:49:18,13.7000,13,721984.0000,527,B,13.6900,13.6800,13.6700,13.6600,13.6500,13.7000,13.7100,13.7200,13.7300,13.7400,384,1133,147,403,739,904,785,1308,715,1287
SZ,000001,2019-06-27 09:49:21,13.7000,21,756224.0000,552,B,13.6900,13.6800,13.6700,13.6600,13.6500,13.7000,13.7100,13.7200,13.7300,13.7400,377,1133,147,403,749,447,785,1310,722,1287
SZ,000001,2019-06-27 09:49:24,13.7000,25,578160.0000,422,B,13.7000,13.6900,13.6800,13.6700,13.6600,13.7100,13.7200,13.7300,13.7400,13.7500,493,756,1133,147,403,778,1300,722,1287,4034
SZ,000001,2019-06-27 09:49:27,13.7000,20,913488.0000,666,S,13.7000,13.6900,13.6800,13.6700,13.6600,13.7100,13.7200,13.7300,13.7400,13.7500,221,669,1133,147,403,526,1300,722,1287,4130
SZ,000001,2019-06-27 09:49:30,13.7000,13,368768.0000,269,S,13.7000,13.6900,13.6800,13.6700,13.6600,13.7100,13.7200,13.7300,13.7400,13.7500,190,689,34,147,403,290,1303,722,1292,4130
SZ,000001,2019-06-27 09:49:33,13.7100,19,235792.0000,172,B,13.7000,13.6900,13.6800,13.6700,13.6600,13.7100,13.7200,13.7300,13.7400,13.7500,365,683,34,147,403,193,1301,724,1297,4130
SZ,000001,2019-06-27 09:49:36,13.7000,47,851072.0000,621,S,13.7000,13.6900,13.6800,13.6700,13.6600,13.7200,13.7300,13.7400,13.7500,13.7600,399,306,34,147,403,1267,1029,1297,4132,1485
SZ,000001,2019-06-27 09:49:39,13.7100,5,78144.0000,57,B,13.7000,13.6900,13.6800,13.6700,13.6600,13.7100,13.7200,13.7300,13.7400,13.7500,496,222,33,147,403,340,1287,1034,1298,4239
SZ,000001,2019-06-27 09:49:42,13.7000,3,34240.0000,25,S,13.7000,13.6900,13.6800,13.6700,13.6600,13.7100,13.7200,13.7300,13.7400,13.7500,479,222,33,147,403,487,1294,1034,1298,4248
SZ,000001,2019-06-27 09:49:45,13.7100,5,95968.0000,70,B,13.7000,13.6900,13.6800,13.6700,13.6600,13.7100,13.7200,13.7300,13.7400,13.7500,546,222,33,147,403,419,1294,1049,1299,4263
SZ,000001,2019-06-27 09:49:48,13.7100,13,600512.0000,438,B,13.7100,13.7000,13.6900,13.6800,13.6700,13.7200,13.7300,13.7400,13.7500,13.7600,597,1069,247,33,147,1293,1049,1299,4286,1499
SZ,000001,2019-06-27 09:49:51,13.7100,9,115168.0000,84,S,13.7100,13.7000,13.6900,13.6800,13.6700,13.7200,13.7300,13.7400,13.7500,13.7600,543,1069,220,33,147,1293,1253,1309,4276,1499
SZ,000001,2019-06-27 09:49:54,13.7100,9,134400.0000,98,S,13.7100,13.7000,13.6900,13.6800,13.6700,13.7200,13.7300,13.7400,13.7500,13.7600,1019,824,216,33,147,1261,1282,1309,4276,1544
SZ,000001,2019-06-27 09:49:57,13.7200,7,91936.0000,67,B,13.7100,13.7000,13.6900,13.6800,13.6700,13.7200,13.7300,13.7400,13.7500,13.7600,1053,854,216,33,147,1195,1282,1309,4276,1544
SZ,000001,2019-06-27 09:50:00,13.7200,27,1036624.0000,756,B,13.7100,13.7000,13.6900,13.6800,13.6700,13.7200,13.7300,13.7400,13.7500,13.7600,481,827,216,33,147,1018,1288,1339,4274,1544
SZ,000001,2019-06-27 09:50:03,13.7200,3,13712.0000,10,B,13.7100,13.7000,13.6900,13.6800,13.6700,13.7200,13.7300,13.7400,13.7500,13.7600,526,827,216,33,147,1015,1288,1339,4279,1546
SZ,000001,2019-06-27 09:50:06,13.7100,3,157680.0000,115,S,13.7100,13.7000,13.6900,13.6800,13.6700,13.7200,13.7300,13.7400,13.7500,13.7600,421,827,216,33,147,1037,1290,1339,4279,1546
SZ,000001,2019-06-27 09:50:09,13.7200,10,204400.0000,149,B,13.7100,13.7000,13.6900,13.6800,13.6700,13.7200,13.7300,13.7400,13.7500,13.7600,480,743,216,33,147,967,1320,1339,5381,1547
SZ,000001,2019-06-27 09:50:12,13.7100,8,481264.0000,351,S,13.7100,13.7000,13.6900,13.6800,13.6700,13.7200,13.7300,13.7400,13.7500,13.7600,167,793,216,31,147,939,1328,1339,5442,1547
SZ,000001,2019-06-27 09:50:15,13.7100,58,661120.0000,482,S,13.7100,13.7000,13.6900,13.6800,13.6700,13.7200,13.7300,13.7400,13.7500,13.7600,152,993,216,31,147,656,1297,1319,5410,1599
SZ,000001,2019-06-27 09:50:18,13.7100,52,567600.0000,414,S,13.7000,13.6900,13.6800,13.6700,13.6600,13.7100,13.7200,13.7300,13.7400,13.7500,988,216,31,147,95,2,882,1297,1119,5407
SZ,000001,2019-06-27 09:50:21,13.7100,7,34272.0000,25,B,13.7000,13.6900,13.6800,13.6700,13.6600,13.7100,13.7200,13.7300,13.7400,13.7500,965,216,31,157,95,88,895,1297,1120,5407
SZ,000001,2019-06-27 09:50:24,13.7200,23,600752.0000,438,B,13.7100,13.7000,13.6900,13.6800,13.6700,13.7200,13.7300,13.7400,13.7500,13.7600,125,973,216,31,157,578,1297,1240,5382,1599
SZ,000001,2019-06-27 09:50:27,13.7100,45,593648.0000,433,S,13.7100,13.7000,13.6900,13.6800,13.6700,13.7200,13.7300,13.7400,13.7500,13.7600,319,985,216,31,157,645,1297,1440,5382,1599
SZ,000001,2019-06-27 09:50:30,13.7200,60,777472.0000,567,B,13.7100,13.7000,13.6900,13.6800,13.6700,13.7200,13.7300,13.7400,13.7500,13.7600,2,983,216,31,157,574,1297,1464,5382,1623
SZ,000001,2019-06-27 09:50:33,13.7000,105,1941168.0000,1415,S,13.7000,13.6900,13.6800,13.6700,13.6600,13.7200,13.7300,13.7400,13.7500,13.7600,994,216,31,157,95,454,1322,1464,5382,1623
SZ,000001,2019-06-27 09:50:36,13.7200,8,356624.0000,260,B,13.7000,13.6900,13.6800,13.6700,13.6600,13.7200,13.7300,13.7400,13.7500,13.7600,1538,216,31,157,95,67,1332,1566,5384,1623
SZ,000001,2019-06-27 09:50:39,13.7100,4,13712.0000,10,S,13.7000,13.6900,13.6800,13.6700,13.6600,13.7100,13.7200,13.7300,13.7400,13.7500,1538,235,31,157,95,1,768,1332,1605,5394
SZ,000001,2019-06-27 09:50:42,13.7100,50,1142608.0000,834,B,13.7000,13.6900,13.6800,13.6700,13.6600,13.7100,13.7200,13.7300,13.7400,13.7500,740,235,31,157,95,2,890,1332,1610,5868
SZ,000001,2019-06-27 09:50:45,13.7000,27,1117920.0000,816,S,13.6900,13.6800,13.6700,13.6600,13.6500,13.7000,13.7100,13.7200,13.7300,13.7400,232,31,157,95,812,27,69,658,1332,1610
SZ,000001,2019-06-27 09:50:48,13.7000,13,152064.0000,111,B,13.6900,13.6800,13.6700,13.6600,13.6500,13.7000,13.7100,13.7200,13.7300,13.7400,246,43,157,95,812,36,69,328,1328,1686
SZ,000001,2019-06-27 09:50:51,13.7000,20,393104.0000,287,B,13.6900,13.6800,13.6700,13.6600,13.6500,13.7000,13.7100,13.7200,13.7300,13.7400,148,41,157,95,812,207,134,398,1338,1696
SZ,000001,2019-06-27 09:50:54,13.6900,12,84880.0000,62,S,13.6900,13.6800,13.6700,13.6600,13.6500,13.7000,13.7100,13.7200,13.7300,13.7400,312,41,157,95,812,2,193,420,1337,1696
SZ,000001,2019-06-27 09:50:57,13.7000,24,1396064.0000,1020,B,13.6900,13.6700,13.6600,13.6500,13.6400,13.7000,13.7100,13.7200,13.7300,13.7400,10,156,95,812,28,1,401,430,1340,1686
SZ,000001,2019-06-27 09:51:00,13.6900,15,35600.0000,26,S,13.6700,13.6600,13.6500,13.6400,13.6300,13.6900,13.7000,13.7100,13.7200,13.7300,156,95,812,28,324,98,364,441,430,1334
SZ,000001,2019-06-27 09:51:03,13.6900,4,87616.0000,64,B,13.6800,13.6700,13.6600,13.6500,13.6400,13.6900,13.7000,13.7100,13.7200,13.7300,14,321,95,792,28,351,112,471,438,1334
SZ,000001,2019-06-27 09:51:06,13.6900,18,119088.0000,87,B,13.6800,13.6700,13.6600,13.6500,13.6400,13.6900,13.7000,13.7100,13.7200,13.7300,42,321,95,792,28,393,118,536,463,1314
SZ,000001,2019-06-27 09:51:09,13.6900,12,214912.0000,157,B,13.6800,13.6700,13.6600,13.6500,13.6400,13.6900,13.7000,13.7100,13.7200,13.7300,55,321,104,792,28,290,123,523,564,1314
SZ,000001,2019-06-27 09:51:12,13.6800,10,76608.0000,56,S,13.6800,13.6700,13.6600,13.6500,13.6400,13.6900,13.7000,13.7100,13.7200,13.7300,4,318,104,842,28,176,80,499,585,1314
SZ,000001,2019-06-27 09:51:15,13.6800,10,61552.0000,45,S,13.6700,13.6600,13.6500,13.6400,13.6300,13.6800,13.6900,13.7000,13.7100,13.7200,162,104,842,28,344,73,385,98,499,593
SZ,000001,2019-06-27 09:51:18,13.6900,23,455760.0000,333,B,13.6700,13.6600,13.6500,13.6400,13.6300,13.6800,13.6900,13.7000,13.7100,13.7200,150,112,842,28,344,113,480,108,733,511
SZ,000001,2019-06-27 09:51:21,13.6700,13,90224.0000,66,S,13.6700,13.6600,13.6500,13.6400,13.6300,13.6800,13.6900,13.7000,13.7100,13.7200,87,104,842,28,344,126,363,96,743,513
SZ,000001,2019-06-27 09:51:24,13.6700,21,185920.0000,136,S,13.6700,13.6600,13.6500,13.6400,13.6300,13.6800,13.6900,13.7000,13.7100,13.7200,151,90,842,28,344,115,231,96,743,517
SZ,000001,2019-06-27 09:51:27,13.6700,5,46464.0000,34,S,13.6600,13.6500,13.6400,13.6300,13.6200,13.6700,13.6800,13.6900,13.7000,13.7100,50,842,28,344,1042,93,464,231,207,743
SZ,000001,2019-06-27 09:51:30,13.6700,13,161312.0000,118,B,13.6600,13.6500,13.6400,13.6300,13.6200,13.6700,13.6800,13.6900,13.7000,13.7100,50,842,28,344,1042,278,366,241,222,743
SZ,000001,2019-06-27 09:51:33,13.6600,11,73760.0000,54,S,13.6500,13.6400,13.6300,13.6200,13.6100,13.6600,13.6700,13.6800,13.6900,13.7000,852,28,344,1042,450,13,478,234,243,238
SZ,000001,2019-06-27 09:51:36,13.6700,5,54672.0000,40,B,13.6600,13.6500,13.6400,13.6300,13.6200,13.6700,13.6800,13.6900,13.7000,13.7100,25,852,28,344,1042,983,234,243,288,750
SZ,000001,2019-06-27 09:51:39,13.6700,11,264896.0000,194,B,13.6600,13.6500,13.6400,13.6300,13.6200,13.6700,13.6800,13.6900,13.7000,13.7100,27,736,63,358,1042,876,634,243,288,700
SZ,000001,2019-06-27 09:51:42,13.6600,19,589120.0000,431,S,13.6500,13.6400,13.6300,13.6200,13.6100,13.6600,13.6700,13.6800,13.6900,13.7000,736,63,358,1042,450,29,88,634,243,288
SZ,000001,2019-06-27 09:51:45,13.6700,11,147584.0000,108,B,13.6600,13.6500,13.6400,13.6300,13.6200,13.6700,13.6800,13.6900,13.7000,13.7100,77,822,63,358,1038,71,634,243,293,700
SZ,000001,2019-06-27 09:51:48,13.6700,17,297888.0000,218,B,13.6500,13.6400,13.6300,13.6200,13.6100,13.6700,13.6800,13.6900,13.7000,13.7100,1089,63,358,1038,450,747,643,243,293,720
SZ,000001,2019-06-27 09:51:51,13.6600,4,112064.0000,82,S,13.6600,13.6500,13.6400,13.6300,13.6200,13.6700,13.6800,13.6900,13.7000,13.7100,65,1095,63,398,1038,882,737,228,332,720
SZ,000001,2019-06-27 09:51:54,13.6600,9,61472.0000,45,S,13.6600,13.6500,13.6400,13.6300,13.6200,13.6700,13.6800,13.6900,13.7000,13.7100,24,1095,63,398,1038,388,737,228,344,720
SZ,000001,2019-06-27 09:51:57,13.6600,14,331856.0000,243,S,13.6500,13.6400,13.6300,13.6200,13.6100,13.6600,13.6700,13.6800,13.6900,13.7000,1006,63,428,1038,470,268,887,737,228,344
SZ,000001,2019-06-27 09:52:00,13.6600,13,408448.0000,299,B,13.6500,13.6400,13.6300,13.6200,13.6100,13.6600,13.6700,13.6800,13.6900,13.7000,947,113,428,1038,470,22,332,737,228,295
SZ,000001,2019-06-27 09:52:03,13.6600,17,618816.0000,453,B,13.6600,13.6500,13.6400,13.6300,13.6200,13.6700,13.6800,13.6900,13.7000,13.7100,34,1089,153,428,1038,227,765,228,298,648
SZ,000001,2019-06-27 09:52:06,13.6600,15,258176.0000,189,S,13.6500,13.6400,13.6300,13.6200,13.6100,13.6600,13.6700,13.6800,13.6900,13.7000,1093,157,493,1038,470,316,231,745,228,298
SZ,000001,2019-06-27 09:52:09,13.6600,19,525920.0000,385,B,13.6600,13.6500,13.6400,13.6300,13.6200,13.6700,13.6800,13.6900,13.7000,13.7100,455,2202,157,493,1038,505,745,228,318,612
SZ,000001,2019-06-27 09:52:12,13.6600,33,1242256.0000,909,S,13.6600,13.6500,13.6400,13.6300,13.6200,13.6800,13.6900,13.7000,13.7100,13.7200,1127,2202,157,523,1038,731,228,318,602,414
SZ,000001,2019-06-27 09:52:15,13.6800,32,1604176.0000,1173,B,13.6800,13.6700,13.6600,13.6500,13.6400,13.6900,13.7000,13.7100,13.7200,13.7300,158,53,992,2074,150,23,322,602,415,1360
SZ,000001,2019-06-27 09:52:18,13.7000,17,173888.0000,127,B,13.6900,13.6800,13.6700,13.6600,13.6500,13.7000,13.7100,13.7200,13.7300,13.7400,209,486,128,931,2074,302,632,415,1410,1494
SZ,000001,2019-06-27 09:52:21,13.7000,34,682688.0000,499,B,13.7000,13.6900,13.6800,13.6700,13.6600,13.7100,13.7200,13.7300,13.7400,13.7500,86,834,453,129,413,632,415,1410,1494,5660
SZ,000001,2019-06-27 09:52:24,13.6900,11,145184.0000,106,S,13.6900,13.6800,13.6700,13.6600,13.6500,13.7000,13.7100,13.7200,13.7300,13.7400,800,312,129,463,1046,30,737,415,1410,1514
SZ,000001,2019-06-27 09:52:27,13.7000,12,104160.0000,76,B,13.7000,13.6900,13.6800,13.6700,13.6600,13.7100,13.7200,13.7300,13.7400,13.7500,30,819,168,136,446,697,415,1411,1514,5683
SZ,000001,2019-06-27 09:52:30,13.7000,11,167104.0000,122,S,13.7000,13.6900,13.6800,13.6700,13.6600,13.7100,13.7200,13.7300,13.7400,13.7500,96,442,168,126,453,698,405,1401,1506,5586
SZ,000001,2019-06-27 09:52:33,13.7100,18,544144.0000,397,B,13.7000,13.6900,13.6800,13.6700,13.6600,13.7100,13.7200,13.7300,13.7400,13.7500,115,233,168,126,453,456,407,1396,1506,5587
SZ,000001,2019-06-27 09:52:36,13.7100,12,224720.0000,164,B,13.7000,13.6900,13.6800,13.6700,13.6600,13.7100,13.7200,13.7300,13.7400,13.7500,257,214,168,126,453,441,416,1396,1506,5587
SZ,000001,2019-06-27 09:52:39,13.7000,14,365824.0000,267,S,13.7000,13.6900,13.6800,13.6700,13.6600,13.7100,13.7200,13.7300,13.7400,13.7500,278,214,168,126,455,658,451,1396,1506,5587
SZ,000001,2019-06-27 09:52:42,13.7000,17,563104.0000,411,S,13.7000,13.6900,13.6800,13.6700,13.6600,13.7100,13.7200,13.7300,13.7400,13.7500,480,222,168,126,475,801,451,1396,1473,5582
SZ,000001,2019-06-27 09:52:45,13.7000,9,257568.0000,188,S,13.7000,13.6900,13.6800,13.6700,13.6600,13.7100,13.7200,13.7300,13.7400,13.7500,297,218,168,126,475,773,451,1401,1473,5584
SZ,000001,2019-06-27 09:52:48,13.7000,18,591904.0000,432,S,13.6900,13.6800,13.6700,13.6600,13.6500,13.7000,13.7100,13.7200,13.7300,13.7400,218,168,126,475,1052,44,733,501,1401,1390
SZ,000001,2019-06-27 09:52:51,13.6900,8,210944.0000,154,S,13.6900,13.6800,13.6700,13.6600,13.6500,13.7000,13.7100,13.7200,13.7300,13.7400,619,168,1126,475,1052,62,753,499,1401,1289
SZ,000001,2019-06-27 09:52:54,13.7000,6,36992.0000,27,B,13.6900,13.6800,13.6700,13.6600,13.6500,13.7000,13.7100,13.7200,13.7300,13.7400,1236,705,1126,475,1052,270,659,819,1418,1289
SZ,000001,2019-06-27 09:52:57,13.6900,15,304128.0000,222,S,13.6900,13.6800,13.6700,13.6600,13.6500,13.7000,13.7100,13.7200,13.7300,13.7400,1252,705,1126,475,1042,387,654,829,1214,1293
SZ,000001,2019-06-27 09:53:00,13.6900,10,282048.0000,206,S,13.6900,13.6800,13.6700,13.6600,13.6500,13.7000,13.7100,13.7200,13.7300,13.7400,731,659,1126,475,1042,761,680,843,1214,1293
SZ,000001,2019-06-27 09:53:03,13.7000,21,716480.0000,523,B,13.6900,13.6800,13.6700,13.6600,13.6500,13.7000,13.7100,13.7200,13.7300,13.7400,240,656,1126,475,1042,416,685,851,1214,1293
SZ,000001,2019-06-27 09:53:06,13.7000,20,265632.0000,194,B,13.6900,13.6800,13.6700,13.6600,13.6500,13.7000,13.7100,13.7200,13.7300,13.7400,97,656,1126,476,1042,542,714,856,917,1293
SZ,000001,2019-06-27 09:53:09,13.7000,8,90432.0000,66,B,13.6900,13.6800,13.6700,13.6600,13.6500,13.7000,13.7100,13.7200,13.7300,13.7400,89,656,1126,476,1042,1661,714,861,925,1303
SZ,000001,2019-06-27 09:53:12,13.6900,14,190368.0000,139,S,13.6900,13.6800,13.6700,13.6600,13.6500,13.7000,13.7100,13.7200,13.7300,13.7400,39,656,1126,456,1042,1835,714,968,965,1303
SZ,000001,2019-06-27 09:53:15,13.6900,7,168384.0000,123,S,13.6800,13.6700,13.6600,13.6500,13.6400,13.6900,13.7000,13.7100,13.7200,13.7300,656,1073,456,1042,124,273,1925,764,972,965
SZ,000001,2019-06-27 09:53:18,13.6900,6,205344.0000,150,B,13.6800,13.6700,13.6600,13.6500,13.6400,13.6900,13.7000,13.7100,13.7200,13.7300,641,1073,456,1032,124,182,1998,764,979,965
SZ,000001,2019-06-27 09:53:21,13.6900,6,98560.0000,72,B,13.6800,13.6700,13.6600,13.6500,13.6400,13.6900,13.7000,13.7100,13.7200,13.7300,647,1073,476,1032,124,130,2042,804,1279,972
SZ,000001,2019-06-27 09:53:24,13.6900,3,21888.0000,16,B,13.6800,13.6700,13.6600,13.6500,13.6400,13.6900,13.7000,13.7100,13.7200,13.7300,645,1073,476,1022,124,165,2047,822,1292,972
SZ,000001,2019-06-27 09:53:27,13.6900,21,335328.0000,245,B,13.6900,13.6800,13.6700,13.6600,13.6500,13.7000,13.7100,13.7200,13.7300,13.7400,109,541,1073,476,1022,2047,822,1302,972,1403
SZ,000001,2019-06-27 09:53:30,13.6900,20,262880.0000,192,S,13.6800,13.6700,13.6600,13.6500,13.6400,13.6900,13.7000,13.7100,13.7200,13.7300,555,1073,476,1022,124,13,2051,832,1303,977
SZ,000001,2019-06-27 09:53:33,13.6900,5,53376.0000,39,B,13.6800,13.6700,13.6600,13.6500,13.6400,13.6900,13.7000,13.7100,13.7200,13.7300,544,1073,476,1022,124,90,2294,829,1386,977
SZ,000001,2019-06-27 09:53:36,13.6800,1,13664.0000,10,S,13.6800,13.6700,13.6600,13.6500,13.6400,13.6900,13.7000,13.7100,13.7200,13.7300,572,1073,476,1042,124,115,2346,829,1590,977
SZ,000001,2019-06-27 09:53:39,13.6900,3,102688.0000,75,B,13.6800,13.6700,13.6600,13.6500,13.6400,13.6900,13.7000,13.7100,13.7200,13.7300,565,1073,486,1042,124,422,2351,842,1595,977
SZ,000001,2019-06-27 09:53:42,13.6800,10,238080.0000,174,S,13.6800,13.6700,13.6600,13.6500,13.6400,13.6900,13.7000,13.7100,13.7200,13.7300,469,1073,486,1042,124,393,2415,862,1595,977
SZ,000001,2019-06-27 09:53:45,13.6800,2,84800.0000,62,S,13.6800,13.6700,13.6600,13.6500,13.6400,13.6900,13.7000,13.7100,13.7200,13.7300,397,1073,484,1042,124,533,2420,862,1597,977
SZ,000001,2019-06-27 09:53:48,13.6800,9,136832.0000,100,S,13.6800,13.6700,13.6600,13.6500,13.6400,13.6900,13.7000,13.7100,13.7200,13.7300,1421,1073,484,1052,124,622,2443,1062,1595,977
SZ,000001,2019-06-27 09:53:51,13.6800,4,45984.0000,33,S,13.6800,13.6700,13.6600,13.6500,13.6400,13.6900,13.7000,13.7100,13.7200,13.7300,1437,1092,484,1052,124,612,2463,1082,1605,977
SZ,000001,2019-06-27 09:53:54,13.6900,19,1147776.0000,839,B,13.6800,13.6700,13.6600,13.6500,13.6400,13.6900,13.7000,13.7100,13.7200,13.7300,618,1092,484,1052,124,603,2487,1112,1605,977
SZ,000001,2019-06-27 09:53:57,13.6900,11,338016.0000,247,B,13.6800,13.6700,13.6600,13.6500,13.6400,13.6900,13.7000,13.7100,13.7200,13.7300,515,1092,484,1052,124,411,2511,1112,1605,977
SZ,000001,2019-06-27 09:54:00,13.6800,9,551328.0000,403,S,13.6800,13.6700,13.6600,13.6500,13.6400,13.6900,13.7000,13.7100,13.7200,13.7300,142,1092,484,1052,124,399,2541,1112,1605,977
SZ,000001,2019-06-27 09:54:03,13.6800,13,262816.0000,192,S,13.6800,13.6700,13.6600,13.6500,13.6400,13.6900,13.7000,13.7100,13.7200,13.7300,92,1092,484,1052,124,320,2551,912,1605,977
SZ,000001,2019-06-27 09:54:06,13.6900,6,198464.0000,145,B,13.6800,13.6700,13.6600,13.6500,13.6400,13.6900,13.7000,13.7100,13.7200,13.7300,119,1092,484,1052,124,368,2551,912,1611,979
SZ,000001,2019-06-27 09:54:09,13.6900,30,629152.0000,460,B,13.6900,13.6800,13.6700,13.6600,13.6500,13.7000,13.7100,13.7200,13.7300,13.7400,628,121,1092,484,1052,2523,912,1611,989,1451
SZ,000001,2019-06-27 09:54:12,13.6900,23,1478048.0000,1079,S,13.6900,13.6800,13.6700,13.6600,13.6500,13.7000,13.7100,13.7200,13.7300,13.7400,501,360,1073,484,1052,1723,912,1611,995,1451
SZ,000001,2019-06-27 09:54:15,13.6900,7,321920.0000,235,S,13.6900,13.6800,13.6700,13.6600,13.6500,13.7000,13.7100,13.7200,13.7300,13.7400,949,356,1073,484,1052,1555,912,1611,995,1451
SZ,000001,2019-06-27 09:54:18,13.6900,11,786272.0000,574,S,13.6900,13.6800,13.6700,13.6600,13.6500,13.7000,13.7100,13.7200,13.7300,13.7400,936,330,1073,484,1052,1065,912,1669,995,1451
SZ,000001,2019-06-27 09:54:21,13.6900,18,321920.0000,235,S,13.6900,13.6800,13.6700,13.6600,13.6500,13.7000,13.7100,13.7200,13.7300,13.7400,905,330,1073,484,1052,922,912,1669,995,1451
SZ,000001,2019-06-27 09:54:24,13.7000,46,1412480.0000,1031,B,13.7000,13.6900,13.6800,13.6700,13.6600,13.7100,13.7200,13.7300,13.7400,13.7500,142,948,330,1073,484,913,1669,997,1451,6763
SZ,000001,2019-06-27 09:54:27,13.7000,5,83552.0000,61,S,13.7000,13.6900,13.6800,13.6700,13.6600,13.7100,13.7200,13.7300,13.7400,13.7500,125,875,292,1073,484,913,1679,997,1451,6763
SZ,000001,2019-06-27 09:54:30,13.7100,13,305664.0000,223,B,13.7000,13.6900,13.6800,13.6700,13.6600,13.7100,13.7200,13.7300,13.7400,13.7500,56,875,292,1073,484,760,1679,997,1451,6764
SZ,000001,2019-06-27 09:54:33,13.7000,1,2752.0000,2,S,13.7000,13.6900,13.6800,13.6700,13.6600,13.7100,13.7200,13.7300,13.7400,13.7500,199,374,292,1073,484,760,1687,997,1452,6783
SZ,000001,2019-06-27 09:54:36,13.7100,9,65792.0000,48,B,13.7000,13.6900,13.6800,13.6700,13.6600,13.7100,13.7200,13.7300,13.7400,13.7500,212,351,292,1073,484,543,1688,997,1452,6783
SZ,000001,2019-06-27 09:54:39,13.7100,7,185088.0000,135,B,13.7000,13.6900,13.6800,13.6700,13.6600,13.7100,13.7200,13.7300,13.7400,13.7500,215,351,302,1073,484,489,1688,997,1455,6788
SZ,000001,2019-06-27 09:54:42,13.7000,6,65792.0000,48,S,13.7000,13.6900,13.6800,13.6700,13.6600,13.7100,13.7200,13.7300,13.7400,13.7500,197,325,303,1073,484,502,1679,997,1458,6788
SZ,000001,2019-06-27 09:54:45,13.7100,8,150720.0000,110,B,13.7000,13.6900,13.6800,13.6700,13.6600,13.7100,13.7200,13.7300,13.7400,13.7500,138,325,301,1083,484,511,1679,1022,1437,6788
SZ,000001,2019-06-27 09:54:48,13.7000,6,72640.0000,53,S,13.7000,13.6900,13.6800,13.6700,13.6600,13.7100,13.7200,13.7300,13.7400,13.7500,129,325,301,1083,484,723,1693,1022,1437,6815
SZ,000001,2019-06-27 09:54:51,13.7100,19,101440.0000,74,B,13.7000,13.6900,13.6800,13.6700,13.6600,13.7100,13.7200,13.7300,13.7400,13.7500,112,325,301,1082,484,689,1693,1022,1447,6816
SZ,000001,2019-06-27 09:54:54,13.7000,18,460352.0000,336,S,13.6900,13.6800,13.6700,13.6600,13.6500,13.7000,13.7100,13.7200,13.7300,13.7400,308,301,1082,484,1052,197,634,1693,1030,1447
SZ,000001,2019-06-27 09:54:57,13.7000,3,205408.0000,150,B,13.6900,13.6800,13.6700,13.6600,13.6500,13.7000,13.7100,13.7200,13.7300,13.7400,213,301,1082,484,1052,289,892,1794,1030,1447
SZ,000001,2019-06-27 09:55:00,13.6900,21,779648.0000,569,S,13.6900,13.6800,13.6700,13.6600,13.6500,13.7000,13.7100,13.7200,13.7300,13.7400,179,302,1082,484,1072,12,741,1795,1030,1467
SZ,000001,2019-06-27 09:55:06,13.6900,7,100000.0000,73,S,13.6900,13.6800,13.6700,13.6600,13.6500,13.7000,13.7100,13.7200,13.7300,13.7400,436,303,1082,484,1072,89,1017,2164,1029,1481
SZ,000001,2019-06-27 09:55:09,13.7000,22,284480.0000,208,B,13.7000,13.6900,13.6800,13.6700,13.6600,13.7100,13.7200,13.7300,13.7400,13.7500,1371,322,303,1082,484,1044,2164,1029,1482,6908
SZ,000001,2019-06-27 09:55:12,13.7000,20,238496.0000,174,S,13.7000,13.6900,13.6800,13.6700,13.6600,13.7100,13.7200,13.7300,13.7400,13.7500,1559,244,64,1082,484,1016,2164,1197,1480,6908
SZ,000001,2019-06-27 09:55:15,13.7100,17,249440.0000,182,B,13.7000,13.6900,13.6800,13.6700,13.6600,13.7100,13.7200,13.7300,13.7400,13.7500,3043,65,64,1082,484,1115,2114,1197,1480,6941
SZ,000001,2019-06-27 09:55:18,13.7100,9,128800.0000,94,B,13.7000,13.6900,13.6800,13.6700,13.6600,13.7100,13.7200,13.7300,13.7400,13.7500,3214,59,64,1082,484,1460,2126,1197,1520,6946
SZ,000001,2019-06-27 09:55:21,13.7100,12,244000.0000,178,B,13.7000,13.6900,13.6800,13.6700,13.6600,13.7100,13.7200,13.7300,13.7400,13.7500,3165,59,64,1082,484,1438,2116,1197,1520,6446
SZ,000001,2019-06-27 09:55:24,13.7100,10,168512.0000,123,B,13.7000,13.6900,13.6800,13.6700,13.6600,13.7100,13.7200,13.7300,13.7400,13.7500,3067,59,64,1082,484,1527,2118,1208,1520,6457
SZ,000001,2019-06-27 09:55:27,13.7000,10,317888.0000,232,S,13.7000,13.6900,13.6800,13.6700,13.6600,13.7100,13.7200,13.7300,13.7400,13.7500,2884,59,61,1082,484,1589,2108,1135,1520,6501
SZ,000001,2019-06-27 09:55:30,13.7100,19,478432.0000,349,B,13.7000,13.6900,13.6800,13.6700,13.6600,13.7100,13.7200,13.7300,13.7400,13.7500,2842,59,61,1083,484,1328,2124,1077,1520,6500
SZ,000001,2019-06-27 09:55:33,13.7100,4,169984.0000,124,B,13.7000,13.6900,13.6800,13.6700,13.6600,13.7100,13.7200,13.7300,13.7400,13.7500,2792,59,61,1083,484,1135,2130,1058,1520,6523
SZ,000001,2019-06-27 09:55:36,13.7100,5,43840.0000,32,B,13.7000,13.6900,13.6800,13.6700,13.6600,13.7100,13.7200,13.7300,13.7400,13.7500,2894,59,65,1083,484,1073,2160,1067,1520,6521
SZ,000001,2019-06-27 09:55:39,13.7100,49,1760352.0000,1284,B,13.7100,13.7000,13.6900,13.6800,13.6700,13.7200,13.7300,13.7400,13.7500,13.7600,493,2960,59,65,1083,2160,1067,1617,6526,1935
SZ,000001,2019-06-27 09:55:42,13.7200,10,119328.0000,87,B,13.7100,13.7000,13.6900,13.6800,13.6700,13.7200,13.7300,13.7400,13.7500,13.7600,506,2930,59,65,1083,2107,1067,1627,6526,1844
SZ,000001,2019-06-27 09:55:45,13.7100,6,71296.0000,52,S,13.7100,13.7000,13.6900,13.6800,13.6700,13.7200,13.7300,13.7400,13.7500,13.7600,504,1367,59,65,83,1830,1087,1627,6533,1844
SZ,000001,2019-06-27 09:55:48,13.7100,14,240064.0000,175,S,13.7100,13.7000,13.6900,13.6800,13.6700,13.7200,13.7300,13.7400,13.7500,13.7600,470,1299,60,65,83,1820,1170,1637,6549,1844
SZ,000001,2019-06-27 09:55:51,13.7100,7,63104.0000,46,S,13.7100,13.7000,13.6900,13.6800,13.6700,13.7200,13.7300,13.7400,13.7500,13.7600,480,1299,60,65,83,1789,1240,1662,6602,1844
SZ,000001,2019-06-27 09:55:54,13.7200,3,100096.0000,73,B,13.7100,13.7000,13.6900,13.6800,13.6700,13.7200,13.7300,13.7400,13.7500,13.7600,518,1215,60,65,83,1785,1240,1662,6598,1864
SZ,000001,2019-06-27 09:55:57,13.7200,5,45280.0000,33,B,13.7100,13.7000,13.6900,13.6800,13.6700,13.7200,13.7300,13.7400,13.7500,13.7600,2004,1220,60,65,83,1769,1247,1662,6604,1864
SZ,000001,2019-06-27 09:56:00,13.7200,36,639328.0000,466,B,13.7100,13.7000,13.6900,13.6800,13.6700,13.7200,13.7300,13.7400,13.7500,13.7600,1982,1220,60,65,83,1441,1247,1662,6606,1864
SZ,000001,2019-06-27 09:56:03,13.7200,53,1894528.0000,1381,B,13.7200,13.7100,13.7000,13.6900,13.6800,13.7300,13.7400,13.7500,13.7600,13.7700,56,1765,1191,60,65,1267,1664,6515,1864,2154
SZ,000001,2019-06-27 09:56:06,13.7200,24,471744.0000,344,S,13.7200,13.7100,13.7000,13.6900,13.6800,13.7300,13.7400,13.7500,13.7600,13.7700,17,1527,1191,60,65,1270,1597,6533,1864,2154
SZ,000001,2019-06-27 09:56:09,13.7200,11,171456.0000,125,S,13.7100,13.7000,13.6900,13.6800,13.6700,13.7200,13.7300,13.7400,13.7500,13.7600,1504,1206,60,64,83,2038,1381,1597,6523,1867
SZ,000001,2019-06-27 09:56:12,13.7200,8,522752.0000,381,B,13.7100,13.7000,13.6900,13.6800,13.6700,13.7200,13.7300,13.7400,13.7500,13.7600,1503,967,60,64,83,1793,1308,1627,6593,1867
SZ,000001,2019-06-27 09:56:15,13.7200,5,144032.0000,105,B,13.7100,13.7000,13.6900,13.6800,13.6700,13.7200,13.7300,13.7400,13.7500,13.7600,1500,966,60,64,83,1739,1288,1632,6575,1867
SZ,000001,2019-06-27 09:56:18,13.7200,23,2696032.0000,1965,B,13.7200,13.7100,13.7000,13.6900,13.6800,13.7300,13.7400,13.7500,13.7600,13.7700,367,1474,727,60,64,1216,1653,6585,1866,2154
SZ,000001,2019-06-27 09:56:21,13.7200,7,117984.0000,86,S,13.7200,13.7100,13.7000,13.6900,13.6800,13.7300,13.7400,13.7500,13.7600,13.7700,399,1474,727,60,64,1246,1653,6583,1866,2154
SZ,000001,2019-06-27 09:56:24,13.7200,23,447488.0000,326,S,13.7200,13.7100,13.7000,13.6900,13.6800,13.7300,13.7400,13.7500,13.7600,13.7700,780,1474,727,60,64,1031,1658,6583,1866,2154
SZ,000001,2019-06-27 09:56:27,13.7200,11,193504.0000,141,S,13.7200,13.7100,13.7000,13.6900,13.6800,13.7300,13.7400,13.7500,13.7600,13.7700,694,1474,727,60,64,1001,1670,6583,1866,2174
SZ,000001,2019-06-27 09:56:30,13.7200,28,321184.0000,234,S,13.7200,13.7100,13.7000,13.6900,13.6800,13.7300,13.7400,13.7500,13.7600,13.7700,579,1468,727,60,64,870,1680,6583,1866,2189
SZ,000001,2019-06-27 09:56:33,13.7300,23,280032.0000,204,B,13.7200,13.7100,13.7000,13.6900,13.6800,13.7300,13.7400,13.7500,13.7600,13.7700,514,1468,727,22,64,751,1580,6586,1906,2189
SZ,000001,2019-06-27 09:56:36,13.7200,15,183936.0000,134,S,13.7200,13.7100,13.7000,13.6900,13.6800,13.7300,13.7400,13.7500,13.7600,13.7700,493,1468,727,22,64,703,1580,6586,1906,2189
SZ,000001,2019-06-27 09:56:39,13.7300,23,429568.0000,313,B,13.7200,13.7100,13.7000,13.6900,13.6800,13.7300,13.7400,13.7500,13.7600,13.7700,331,1468,727,23,64,651,1592,6590,1906,2199
SZ,000001,2019-06-27 09:56:42,13.7200,7,34336.0000,25,S,13.7200,13.7100,13.7000,13.6900,13.6800,13.7300,13.7400,13.7500,13.7600,13.7700,322,1468,727,23,64,659,1612,6660,1912,2199
SZ,000001,2019-06-27 09:56:45,13.7300,23,223744.0000,163,B,13.7200,13.7100,13.7000,13.6900,13.6800,13.7300,13.7400,13.7500,13.7600,13.7700,298,1468,727,23,64,577,1609,6660,1962,2199
SZ,000001,2019-06-27 09:56:48,13.7300,15,260800.0000,190,B,13.7200,13.7100,13.7000,13.6900,13.6800,13.7300,13.7400,13.7500,13.7600,13.7700,265,1468,727,23,64,473,1609,6650,1962,2199
SZ,000001,2019-06-27 09:56:51,13.7200,26,244384.0000,178,S,13.7200,13.7100,13.7000,13.6900,13.6800,13.7300,13.7400,13.7500,13.7600,13.7700,254,1468,31,23,84,363,1609,6650,1964,2199
SZ,000001,2019-06-27 09:56:54,13.7300,13,164768.0000,120,B,13.7200,13.7100,13.7000,13.6900,13.6800,13.7300,13.7400,13.7500,13.7600,13.7700,257,1468,31,23,84,299,1624,6650,1944,2200
SZ,000001,2019-06-27 09:56:57,13.7300,7,27456.0000,20,B,13.7200,13.7100,13.7000,13.6900,13.6800,13.7300,13.7400,13.7500,13.7600,13.7700,251,1468,28,23,84,300,1626,6660,1950,2200
SZ,000001,2019-06-27 09:57:00,13.7200,17,299264.0000,218,S,13.7200,13.7100,13.7000,13.6900,13.6800,13.7300,13.7400,13.7500,13.7600,13.7700,191,1478,28,23,83,242,1649,6665,2015,2190
SZ,000001,2019-06-27 09:57:03,13.7200,16,301952.0000,220,S,13.7200,13.7100,13.7000,13.6900,13.6800,13.7300,13.7400,13.7500,13.7600,13.7700,87,1488,28,23,83,209,1649,6675,2016,2197
SZ,000001,2019-06-27 09:57:06,13.7300,7,57664.0000,42,B,13.7200,13.7100,13.7000,13.6900,13.6800,13.7300,13.7400,13.7500,13.7600,13.7700,91,1488,28,23,83,287,1648,6679,2016,2125
SZ,000001,2019-06-27 09:57:09,13.7300,9,85120.0000,62,B,13.7200,13.7100,13.7000,13.6900,13.6800,13.7300,13.7400,13.7500,13.7600,13.7700,1242,1488,28,23,83,259,1663,6179,2016,2135
SZ,000001,2019-06-27 09:57:12,13.7300,18,237440.0000,173,B,13.7200,13.7100,13.7000,13.6900,13.6800,13.7300,13.7400,13.7500,13.7600,13.7700,1190,1488,28,23,83,198,1888,6201,2016,2135
SZ,000001,2019-06-27 09:57:15,13.7200,12,64512.0000,47,S,13.7200,13.7100,13.7000,13.6900,13.6800,13.7300,13.7400,13.7500,13.7600,13.7700,1174,1488,31,23,83,285,1925,6201,2016,2135
SZ,000001,2019-06-27 09:57:18,13.7200,20,367936.0000,268,S,13.7200,13.7100,13.7000,13.6900,13.6800,13.7300,13.7400,13.7500,13.7600,13.7700,1135,1488,31,23,83,420,1926,6187,2022,2135
SZ,000001,2019-06-27 09:57:21,13.7200,11,111200.0000,81,S,13.7200,13.7100,13.7000,13.6900,13.6800,13.7300,13.7400,13.7500,13.7600,13.7700,1134,1488,31,23,83,1445,1951,6207,2022,2135
SZ,000001,2019-06-27 09:57:24,13.7300,6,49408.0000,36,B,13.7200,13.7100,13.7000,13.6900,13.6800,13.7300,13.7400,13.7500,13.7600,13.7700,1166,1488,31,23,83,1474,1976,6306,2022,2135
SZ,000001,2019-06-27 09:57:27,13.7300,14,203136.0000,148,B,13.7200,13.7100,13.7000,13.6900,13.6800,13.7300,13.7400,13.7500,13.7600,13.7700,1102,1488,31,23,83,1425,2008,6306,2027,2135
SZ,000001,2019-06-27 09:57:30,13.7300,7,205824.0000,150,B,13.7200,13.7100,13.7000,13.6900,13.6800,13.7300,13.7400,13.7500,13.7600,13.7700,983,1488,31,23,83,1439,1998,5458,2027,2135
SZ,000001,2019-06-27 09:57:33,13.7300,8,308736.0000,225,B,13.7200,13.7100,13.7000,13.6900,13.6800,13.7300,13.7400,13.7500,13.7600,13.7700,793,1488,31,23,78,1440,1998,5468,2027,2135
SZ,000001,2019-06-27 09:57:36,13.7200,6,210016.0000,153,S,13.7200,13.7100,13.7000,13.6900,13.6800,13.7300,13.7400,13.7500,13.7600,13.7700,720,1488,31,21,78,1423,2015,5468,2027,2135
