市场代码,证券代码,时间,最新价,成交笔数,成交额,成交量,方向,买一价,买二价,买三价,买四价,买五价,卖一价,卖二价,卖三价,卖四价,卖五价,买一量,买二量,买三量,买四量,买五量,卖一量,卖二量,卖三量,卖四量,卖五量
SZ,000001,2019-06-24 09:25:03,13.6900,216,10245596.0000,7484,B,13.6800,13.6600,13.6500,13.6400,13.6300,13.6900,13.7000,13.7100,13.7200,13.7300,43,23,78,657,67,1833,1230,363,1197,392
SZ,000001,2019-06-24 09:30:03,13.6500,126,3391390.0000,2482,S,13.6500,13.6400,13.6300,13.6200,13.6100,13.6800,13.6900,13.7000,13.7100,13.7200,64,440,77,295,96,1479,2277,1313,750,1020
SZ,000001,2019-06-24 09:30:06,13.6800,104,4195840.0000,3068,B,13.6500,13.6400,13.6300,13.6200,13.6100,13.6800,13.6900,13.7000,13.7100,13.7200,346,441,78,295,112,69,2363,1313,758,970
SZ,000001,2019-06-24 09:30:09,13.6900,29,1122290.0000,820,B,13.6500,13.6400,13.6300,13.6200,13.6100,13.6800,13.6900,13.7000,13.7100,13.7200,542,554,108,295,114,12,2020,1345,758,970
SZ,000001,2019-06-24 09:30:12,13.6500,9,283970.0000,208,S,13.6500,13.6400,13.6300,13.6200,13.6100,13.6600,13.6700,13.6800,13.6900,13.7000,446,441,108,305,124,2,23,212,1999,1341
SZ,000001,2019-06-24 09:30:15,13.6500,5,28670.0000,21,S,13.6600,13.6500,13.6400,13.6300,13.6200,13.6700,13.6800,13.6900,13.7000,13.7100,1,431,441,108,305,21,348,1999,1295,771
SZ,000001,2019-06-24 09:30:18,13.6600,18,330656.0000,242,S,13.6600,13.6500,13.6400,13.6300,13.6200,13.6700,13.6800,13.6900,13.7000,13.7100,185,225,441,108,305,4,409,1999,1295,771
SZ,000001,2019-06-24 09:30:21,13.6600,3,62838.0000,46,S,13.6600,13.6500,13.6400,13.6300,13.6200,13.6700,13.6800,13.6900,13.7000,13.7100,142,127,441,108,305,2,409,1984,1274,771
SZ,000001,2019-06-24 09:30:24,13.6600,14,229486.0000,168,S,13.6500,13.6400,13.6300,13.6200,13.6100,13.6600,13.6800,13.6900,13.7000,13.7100,117,441,108,305,124,109,606,1944,1274,771
SZ,000001,2019-06-24 09:30:27,13.6500,20,424552.0000,311,S,13.6500,13.6400,13.6300,13.6200,13.6100,13.6600,13.6800,13.6900,13.7000,13.7100,7,438,108,305,124,302,606,1944,1274,771
SZ,000001,2019-06-24 09:30:30,13.6400,7,57304.0000,42,S,13.6400,13.6300,13.6200,13.6100,13.6000,13.6500,13.6600,13.6800,13.6900,13.7000,435,108,305,124,681,20,333,606,1835,1274
SZ,000001,2019-06-24 09:30:33,13.6400,9,128216.0000,94,S,13.6400,13.6300,13.6200,13.6100,13.6000,13.6500,13.6600,13.6800,13.6900,13.7000,344,108,305,124,681,94,331,606,1724,1274
SZ,000001,2019-06-24 09:30:36,13.6400,9,211436.0000,155,S,13.6400,13.6300,13.6200,13.6100,13.6000,13.6500,13.6600,13.6800,13.6900,13.7000,213,108,305,134,681,172,269,619,1111,1229
SZ,000001,2019-06-24 09:30:39,13.6600,67,921774.0000,675,B,13.6600,13.6400,13.6300,13.6200,13.6100,13.6800,13.6900,13.7000,13.7100,13.7200,286,310,108,305,134,603,1111,1229,721,931
SZ,000001,2019-06-24 09:30:42,13.6600,19,172116.0000,126,S,13.6600,13.6400,13.6300,13.6200,13.6100,13.6700,13.6800,13.6900,13.7000,13.7100,204,338,118,305,134,107,608,1096,1229,721
SZ,000001,2019-06-24 09:30:45,13.6600,38,611114.0000,447,S,13.6600,13.6400,13.6300,13.6200,13.6100,13.6700,13.6800,13.6900,13.7000,13.7100,119,285,118,305,154,9,416,1096,1229,721
SZ,000001,2019-06-24 09:30:48,13.6800,17,406112.0000,297,B,13.6600,13.6400,13.6300,13.6200,13.6100,13.6700,13.6800,13.6900,13.7000,13.7100,64,285,118,305,154,10,232,1090,1209,618
SZ,000001,2019-06-24 09:30:51,13.6600,6,71032.0000,52,S,13.6600,13.6500,13.6400,13.6300,13.6200,13.6700,13.6800,13.6900,13.7000,13.7100,23,3,296,118,295,10,262,1090,1209,618
SZ,000001,2019-06-24 09:30:54,13.6500,7,56010.0000,41,S,13.6400,13.6300,13.6200,13.6100,13.6000,13.6500,13.6600,13.6700,13.6800,13.6900,296,118,295,154,681,89,31,27,262,1234
SZ,000001,2019-06-24 09:30:57,13.6400,9,94162.0000,69,S,13.6400,13.6300,13.6200,13.6100,13.6000,13.6500,13.6600,13.6700,13.6800,13.6900,290,118,295,154,681,44,31,42,632,1334
SZ,000001,2019-06-24 09:31:00,13.6400,8,109132.0000,80,S,13.6400,13.6300,13.6200,13.6100,13.6000,13.6500,13.6600,13.6700,13.6800,13.6900,417,118,295,154,681,32,46,92,632,1334
SZ,000001,2019-06-24 09:31:03,13.6400,3,49136.0000,36,S,13.6400,13.6300,13.6200,13.6100,13.6000,13.6500,13.6600,13.6700,13.6800,13.6900,505,128,295,154,681,9,46,102,747,1334
SZ,000001,2019-06-24 09:31:06,13.6500,6,15014.0000,11,B,13.6500,13.6400,13.6300,13.6200,13.6100,13.6600,13.6700,13.6800,13.6900,13.7000,10,530,128,295,154,46,102,798,1334,1209
SZ,000001,2019-06-24 09:31:09,13.6500,6,96914.0000,71,S,13.6500,13.6400,13.6300,13.6200,13.6100,13.6600,13.6700,13.6800,13.6900,13.7000,185,593,128,295,154,47,102,797,1314,1209
SZ,000001,2019-06-24 09:31:12,13.6700,75,1487552.0000,1089,B,13.6700,13.6400,13.6300,13.6200,13.6100,13.6800,13.6900,13.7000,13.7100,13.7200,4,388,131,295,154,797,1314,1209,618,931
SZ,000001,2019-06-24 09:31:15,13.6700,20,408636.0000,299,S,13.6500,13.6400,13.6300,13.6200,13.6100,13.6700,13.6800,13.6900,13.7000,13.7100,134,368,131,295,154,69,848,1364,1305,618
SZ,000001,2019-06-24 09:31:18,13.6700,28,617436.0000,452,B,13.6500,13.6400,13.6300,13.6200,13.6100,13.6700,13.6800,13.6900,13.7000,13.7100,2342,350,134,295,154,254,848,1364,1155,618
SZ,000001,2019-06-24 09:31:21,13.6500,6,252716.0000,185,S,13.6500,13.6400,13.6300,13.6200,13.6100,13.6700,13.6800,13.6900,13.7000,13.7100,2397,350,134,295,154,180,797,1364,1155,618
SZ,000001,2019-06-24 09:31:24,13.6700,6,1397800.0000,1024,B,13.6500,13.6400,13.6300,13.6200,13.6100,13.6700,13.6800,13.6900,13.7000,13.7100,1396,350,134,343,154,175,797,1364,1155,618
SZ,000001,2019-06-24 09:31:27,13.6700,6,87424.0000,64,B,13.6600,13.6500,13.6400,13.6300,13.6200,13.6700,13.6800,13.6900,13.7000,13.7100,20,1384,360,134,343,185,797,1264,1155,618
SZ,000001,2019-06-24 09:31:30,13.6500,7,219806.0000,161,S,13.6500,13.6400,13.6300,13.6200,13.6100,13.6600,13.6700,13.6800,13.6900,13.7000,1160,344,134,343,154,28,288,915,1264,1155
SZ,000001,2019-06-24 09:31:33,13.6500,2,58694.0000,43,S,13.6500,13.6400,13.6300,13.6200,13.6100,13.6600,13.6700,13.6800,13.6900,13.7000,1183,346,134,343,154,56,288,967,1214,1155
SZ,000001,2019-06-24 09:31:36,13.6500,1,31396.0000,23,S,13.6500,13.6400,13.6300,13.6200,13.6100,13.6600,13.6700,13.6800,13.6900,13.7000,1223,338,134,343,154,72,293,1007,1214,1158
SZ,000001,2019-06-24 09:31:39,13.6700,14,367472.0000,269,B,13.6500,13.6400,13.6300,13.6200,13.6100,13.6700,13.6800,13.6900,13.7000,13.7100,1223,338,134,343,154,326,1007,1214,1158,618
SZ,000001,2019-06-24 09:31:42,13.6500,7,90116.0000,66,S,13.6500,13.6400,13.6300,13.6200,13.6100,13.6600,13.6700,13.6800,13.6900,13.7000,1182,338,134,343,154,30,424,1026,1214,1155
SZ,000001,2019-06-24 09:31:45,13.6500,19,1632540.0000,1196,S,13.6400,13.6300,13.6200,13.6100,13.6000,13.6500,13.6600,13.6700,13.6800,13.6900,363,134,343,154,718,114,42,490,1026,1214
SZ,000001,2019-06-24 09:31:48,13.6600,27,825740.0000,605,B,13.6400,13.6300,13.6200,13.6100,13.6000,13.6600,13.6700,13.6800,13.6900,13.7000,108,134,343,154,718,84,508,1039,1214,1135
SZ,000001,2019-06-24 09:31:51,13.6600,24,734450.0000,538,B,13.6400,13.6300,13.6200,13.6100,13.6000,13.6600,13.6700,13.6800,13.6900,13.7000,8,134,343,154,718,126,490,1039,1214,817
SZ,000001,2019-06-24 09:31:54,13.6400,10,43648.0000,32,S,13.6400,13.6300,13.6200,13.6100,13.6000,13.6500,13.6600,13.6700,13.6800,13.6900,3,251,343,154,749,114,136,490,1039,1214
SZ,000001,2019-06-24 09:31:57,13.6400,16,175978.0000,129,S,13.6300,13.6200,13.6100,13.6000,13.5900,13.6400,13.6500,13.6600,13.6700,13.6800,221,343,154,749,207,90,92,150,499,1139
SZ,000001,2019-06-24 09:32:00,13.6400,10,128176.0000,94,B,13.6300,13.6200,13.6100,13.6000,13.5900,13.6400,13.6500,13.6600,13.6700,13.6800,528,343,154,749,207,166,92,253,899,1139
SZ,000001,2019-06-24 09:32:03,13.6300,11,212764.0000,156,S,13.6300,13.6200,13.6100,13.6000,13.5900,13.6400,13.6500,13.6600,13.6700,13.6800,526,343,154,749,207,93,142,601,899,1125
SZ,000001,2019-06-24 09:32:06,13.6400,2,5456.0000,4,B,13.6300,13.6200,13.6100,13.6000,13.5900,13.6400,13.6500,13.6600,13.6700,13.6800,535,343,167,774,207,104,145,615,899,1112
SZ,000001,2019-06-24 09:32:09,13.6400,24,449856.0000,330,B,13.6300,13.6200,13.6100,13.6000,13.5900,13.6400,13.6500,13.6600,13.6700,13.6800,402,358,187,751,207,239,145,615,904,1112
SZ,000001,2019-06-24 09:32:12,13.6400,13,174552.0000,128,B,13.6300,13.6200,13.6100,13.6000,13.5900,13.6400,13.6500,13.6600,13.6700,13.6800,337,358,187,651,207,175,149,614,903,1112
SZ,000001,2019-06-24 09:32:15,13.6400,5,133606.0000,98,B,13.6300,13.6200,13.6100,13.6000,13.5900,13.6400,13.6500,13.6600,13.6700,13.6800,295,358,187,651,207,148,149,614,785,1212
SZ,000001,2019-06-24 09:32:18,13.6300,14,267278.0000,196,S,13.6300,13.6200,13.6100,13.6000,13.5900,13.6400,13.6500,13.6600,13.6700,13.6800,300,358,192,651,207,18,149,614,783,1212
SZ,000001,2019-06-24 09:32:21,13.6300,14,58644.0000,43,S,13.6300,13.6200,13.6100,13.6000,13.5900,13.6400,13.6500,13.6600,13.6700,13.6800,416,358,292,651,207,13,149,614,833,1212
SZ,000001,2019-06-24 09:32:24,13.6400,22,227668.0000,167,B,13.6300,13.6200,13.6100,13.6000,13.5900,13.6400,13.6500,13.6600,13.6700,13.6800,376,358,292,651,207,1,169,614,833,1212
SZ,000001,2019-06-24 09:32:27,13.6300,8,31368.0000,23,S,13.6300,13.6200,13.6100,13.6000,13.5900,13.6500,13.6600,13.6700,13.6800,13.6900,405,358,292,652,207,169,524,833,1212,1054
SZ,000001,2019-06-24 09:32:30,13.6300,15,227620.0000,167,S,13.6300,13.6200,13.6100,13.6000,13.5900,13.6400,13.6500,13.6600,13.6700,13.6800,331,358,307,652,207,3,180,524,833,1212
SZ,000001,2019-06-24 09:32:33,13.6500,18,167780.0000,123,B,13.6400,13.6300,13.6200,13.6100,13.6000,13.6500,13.6600,13.6700,13.6800,13.6900,10,375,358,307,652,148,524,833,1212,1054
SZ,000001,2019-06-24 09:32:36,13.6500,4,35468.0000,26,B,13.6400,13.6300,13.6200,13.6100,13.6000,13.6500,13.6600,13.6700,13.6800,13.6900,33,174,358,312,657,652,524,833,1212,1054
SZ,000001,2019-06-24 09:32:39,13.6400,13,150044.0000,110,S,13.6400,13.6300,13.6200,13.6100,13.6000,13.6500,13.6600,13.6700,13.6800,13.6900,79,152,358,312,658,738,524,833,1212,1054
SZ,000001,2019-06-24 09:32:42,13.6400,17,260524.0000,191,S,13.6300,13.6200,13.6100,13.6000,13.5900,13.6400,13.6500,13.6600,13.6700,13.6800,152,358,312,658,207,11,870,524,931,1562
SZ,000001,2019-06-24 09:32:45,13.6400,27,388520.0000,285,B,13.6300,13.6200,13.6100,13.6000,13.5900,13.6400,13.6500,13.6600,13.6700,13.6800,291,358,312,671,207,49,862,524,945,1562
SZ,000001,2019-06-24 09:32:48,13.6300,8,64100.0000,47,S,13.6300,13.6200,13.6100,13.6000,13.5900,13.6400,13.6500,13.6600,13.6700,13.6800,428,358,312,671,207,151,815,529,945,1562
SZ,000001,2019-06-24 09:32:51,13.6400,8,66824.0000,49,B,13.6300,13.6200,13.6100,13.6000,13.5900,13.6400,13.6500,13.6600,13.6700,13.6800,436,358,312,671,210,125,832,529,942,1562
SZ,000001,2019-06-24 09:32:54,13.6400,6,313548.0000,230,B,13.6300,13.6200,13.6100,13.6000,13.5900,13.6400,13.6500,13.6600,13.6700,13.6800,271,358,312,671,210,342,832,529,942,1562
SZ,000001,2019-06-24 09:32:57,13.6300,4,12268.0000,9,S,13.6300,13.6200,13.6100,13.6000,13.5900,13.6400,13.6500,13.6600,13.6700,13.6800,264,358,312,671,210,355,832,529,923,1562
SZ,000001,2019-06-24 09:33:00,13.6300,8,241252.0000,177,S,13.6300,13.6200,13.6100,13.6000,13.5900,13.6400,13.6500,13.6600,13.6700,13.6800,206,358,312,671,210,355,832,529,923,1562
SZ,000001,2019-06-24 09:33:03,13.6200,75,3706296.0000,2715,S,13.6400,13.6300,13.6200,13.6100,13.6000,13.6700,13.6800,13.6900,13.7000,13.7100,8,10,320,312,680,487,1562,1054,1182,472
SZ,000001,2019-06-24 09:33:06,13.6500,7,132376.0000,97,B,13.6500,13.6400,13.6300,13.6200,13.6100,13.6600,13.6700,13.6800,13.6900,13.7000,272,77,264,330,352,163,550,1701,1054,1182
SZ,000001,2019-06-24 09:33:09,13.6500,12,681132.0000,499,S,13.6500,13.6400,13.6300,13.6200,13.6100,13.6600,13.6700,13.6800,13.6900,13.7000,354,72,135,327,352,207,441,1701,1054,1182
SZ,000001,2019-06-24 09:33:12,13.6400,18,698880.0000,512,S,13.6400,13.6300,13.6200,13.6100,13.6000,13.6500,13.6600,13.6700,13.6800,13.6900,37,200,347,352,774,148,164,441,1701,1054
SZ,000001,2019-06-24 09:33:15,13.6400,10,205980.0000,151,S,13.6400,13.6300,13.6200,13.6100,13.6000,13.6500,13.6600,13.6700,13.6800,13.6900,12,210,347,352,784,410,144,441,1562,1054
SZ,000001,2019-06-24 09:33:18,13.6300,13,323224.0000,237,S,13.6300,13.6200,13.6100,13.6000,13.5900,13.6400,13.6500,13.6600,13.6700,13.6800,180,347,351,786,530,81,643,144,441,1562
SZ,000001,2019-06-24 09:33:21,13.6300,7,300148.0000,220,S,13.6300,13.6200,13.6100,13.6000,13.5900,13.6500,13.6600,13.6700,13.6800,13.6900,219,360,351,786,530,566,138,441,1562,1054
SZ,000001,2019-06-24 09:33:24,13.6400,15,251252.0000,184,B,13.6400,13.6300,13.6200,13.6100,13.6000,13.6500,13.6600,13.6700,13.6800,13.6900,11,277,365,351,893,622,113,441,1562,1054
SZ,000001,2019-06-24 09:33:27,13.6400,5,36824.0000,27,S,13.6300,13.6200,13.6100,13.6000,13.5900,13.6400,13.6500,13.6600,13.6700,13.6800,254,465,351,893,530,20,626,113,441,1462
SZ,000001,2019-06-24 09:33:30,13.6400,15,239992.0000,176,B,13.6300,13.6200,13.6100,13.6000,13.5900,13.6400,13.6500,13.6600,13.6700,13.6800,638,470,351,910,530,59,565,103,441,1462
SZ,000001,2019-06-24 09:33:33,13.6300,15,245368.0000,180,S,13.6300,13.6200,13.6100,13.6000,13.5900,13.6400,13.6500,13.6600,13.6700,13.6800,764,490,353,904,530,44,594,103,441,1462
SZ,000001,2019-06-24 09:33:36,13.6400,6,60016.0000,44,B,13.6400,13.6300,13.6200,13.6100,13.6000,13.6500,13.6600,13.6700,13.6800,13.6900,31,878,493,354,903,644,103,441,1562,1054
SZ,000001,2019-06-24 09:33:39,13.6500,5,36832.0000,27,B,13.6400,13.6300,13.6200,13.6100,13.6000,13.6500,13.6600,13.6700,13.6800,13.6900,152,502,493,364,990,638,103,441,1562,1054
SZ,000001,2019-06-24 09:33:42,13.6500,26,952712.0000,698,B,13.6500,13.6400,13.6300,13.6200,13.6100,13.6600,13.6700,13.6800,13.6900,13.7000,1277,464,495,493,364,128,441,1562,1054,1037
SZ,000001,2019-06-24 09:33:45,13.6500,8,281200.0000,206,S,13.6500,13.6400,13.6300,13.6200,13.6100,13.6600,13.6700,13.6800,13.6900,13.7000,1164,152,505,493,364,116,483,1651,1054,1037
SZ,000001,2019-06-24 09:33:48,13.6500,1,2728.0000,2,S,13.6500,13.6400,13.6300,13.6200,13.6100,13.6600,13.6700,13.6800,13.6900,13.7000,1563,120,510,493,364,65,483,1651,1054,1037
SZ,000001,2019-06-24 09:33:51,13.6500,3,47784.0000,35,S,13.6500,13.6400,13.6300,13.6200,13.6100,13.6600,13.6700,13.6800,13.6900,13.7000,1561,129,510,493,364,61,483,1651,1054,1037
SZ,000001,2019-06-24 09:33:54,13.6600,26,744872.0000,545,B,13.6600,13.6500,13.6400,13.6300,13.6200,13.6700,13.6800,13.6900,13.7000,13.7100,96,1769,162,509,493,79,1651,1054,1015,512
SZ,000001,2019-06-24 09:33:57,13.6600,6,92892.0000,68,S,13.6600,13.6500,13.6400,13.6300,13.6200,13.6700,13.6800,13.6900,13.7000,13.7100,47,1343,212,509,509,77,1651,1114,1015,512
SZ,000001,2019-06-24 09:34:00,13.6700,34,2716748.0000,1990,B,13.6500,13.6400,13.6300,13.6200,13.6100,13.6700,13.6800,13.6900,13.7000,13.7100,9,216,602,509,364,148,1651,1114,1019,512
SZ,000001,2019-06-24 09:34:03,13.6600,5,122936.0000,90,S,13.6600,13.6500,13.6400,13.6300,13.6200,13.6700,13.6800,13.6900,13.7000,13.7100,31,108,227,602,509,148,1651,1114,1019,512
SZ,000001,2019-06-24 09:34:06,13.6500,13,131104.0000,96,S,13.6400,13.6300,13.6200,13.6100,13.6000,13.6500,13.6600,13.6700,13.6800,13.6900,217,602,509,364,977,55,61,254,1551,1114
SZ,000001,2019-06-24 09:34:09,13.6600,30,1398880.0000,1023,B,13.6600,13.6500,13.6400,13.6300,13.6200,13.6700,13.6800,13.6900,13.7000,13.7100,5,2,803,620,504,26,918,1034,1026,512
SZ,000001,2019-06-24 09:34:12,13.6500,7,152944.0000,112,S,13.6400,13.6300,13.6200,13.6100,13.6000,13.6500,13.6600,13.6700,13.6800,13.6900,833,623,484,364,987,45,229,68,918,1216
SZ,000001,2019-06-24 09:34:15,13.6500,5,80548.0000,59,B,13.6500,13.6400,13.6300,13.6200,13.6100,13.6600,13.6700,13.6800,13.6900,13.7000,223,922,623,493,374,292,68,918,1134,1031
SZ,000001,2019-06-24 09:34:18,13.6600,4,140616.0000,103,B,13.6500,13.6400,13.6300,13.6200,13.6100,13.6600,13.6700,13.6800,13.6900,13.7000,217,874,623,493,374,979,68,920,1134,1042
SZ,000001,2019-06-24 09:34:21,13.6500,14,481900.0000,353,S,13.6500,13.6400,13.6300,13.6200,13.6100,13.6600,13.6700,13.6800,13.6900,13.7000,35,881,623,513,374,935,68,920,1134,1042
SZ,000001,2019-06-24 09:34:24,13.6600,9,361988.0000,265,B,13.6500,13.6400,13.6300,13.6200,13.6100,13.6600,13.6700,13.6800,13.6900,13.7000,205,540,643,513,374,657,68,940,1134,1042
SZ,000001,2019-06-24 09:34:27,13.6600,10,1096864.0000,803,B,13.6600,13.6500,13.6400,13.6300,13.6200,13.6700,13.6800,13.6900,13.7000,13.7100,229,317,540,643,513,68,940,1134,1042,512
SZ,000001,2019-06-24 09:34:30,13.6600,14,447048.0000,327,S,13.6600,13.6500,13.6400,13.6300,13.6200,13.6700,13.6800,13.6900,13.7000,13.7100,37,322,540,563,513,234,960,1193,1052,512
SZ,000001,2019-06-24 09:34:33,13.6700,11,173564.0000,127,B,13.6600,13.6500,13.6400,13.6300,13.6200,13.6700,13.6800,13.6900,13.7000,13.7100,113,331,550,563,515,432,960,1193,1039,512
SZ,000001,2019-06-24 09:34:36,13.6600,7,83328.0000,61,S,13.6600,13.6500,13.6400,13.6300,13.6200,13.6700,13.6800,13.6900,13.7000,13.7100,71,471,550,563,519,810,960,1193,1039,512
SZ,000001,2019-06-24 09:34:39,13.6600,25,314148.0000,230,S,13.6500,13.6400,13.6300,13.6200,13.6100,13.6600,13.6700,13.6800,13.6900,13.7000,442,557,563,559,374,42,794,960,1203,1039
SZ,000001,2019-06-24 09:34:42,13.6500,11,369940.0000,271,S,13.6500,13.6400,13.6300,13.6200,13.6100,13.6600,13.6700,13.6800,13.6900,13.7000,337,562,563,559,374,495,720,960,1239,1039
SZ,000001,2019-06-24 09:34:45,13.6600,6,56004.0000,41,B,13.6500,13.6400,13.6300,13.6200,13.6100,13.6600,13.6700,13.6800,13.6900,13.7000,480,582,563,559,374,462,770,925,1239,1043
SZ,000001,2019-06-24 09:34:48,13.6600,26,813620.0000,596,B,13.6500,13.6400,13.6300,13.6200,13.6100,13.6600,13.6700,13.6800,13.6900,13.7000,5,614,563,586,374,381,770,625,1239,1043
SZ,000001,2019-06-24 09:34:51,13.6400,12,713508.0000,523,S,13.6400,13.6300,13.6200,13.6100,13.6000,13.6500,13.6600,13.6700,13.6800,13.6900,606,583,586,374,1036,1260,382,770,625,1239
SZ,000001,2019-06-24 09:34:54,13.6500,7,201976.0000,148,B,13.6400,13.6300,13.6200,13.6100,13.6000,13.6500,13.6600,13.6700,13.6800,13.6900,570,593,588,374,1036,1573,563,670,571,1239
SZ,000001,2019-06-24 09:34:57,13.6400,19,2923788.0000,2142,S,13.6400,13.6300,13.6200,13.6100,13.6000,13.6500,13.6600,13.6700,13.6800,13.6900,601,593,588,374,1036,242,260,870,571,1239
SZ,000001,2019-06-24 09:35:00,13.6500,21,593776.0000,435,B,13.6400,13.6300,13.6200,13.6100,13.6000,13.6500,13.6600,13.6700,13.6800,13.6900,812,593,588,374,1036,515,185,870,571,1239
SZ,000001,2019-06-24 09:35:03,13.6500,9,244336.0000,179,B,13.6400,13.6300,13.6200,13.6100,13.6000,13.6500,13.6600,13.6700,13.6800,13.6900,819,593,588,376,1056,384,210,829,571,1238
SZ,000001,2019-06-24 09:35:06,13.6500,10,336984.0000,247,B,13.6400,13.6300,13.6200,13.6100,13.6000,13.6500,13.6600,13.6700,13.6800,13.6900,683,595,588,376,1061,309,210,829,575,1238
SZ,000001,2019-06-24 09:35:09,13.6500,3,154232.0000,113,B,13.6400,13.6300,13.6200,13.6100,13.6000,13.6500,13.6600,13.6700,13.6800,13.6900,658,598,588,376,1061,596,212,829,585,1238
SZ,000001,2019-06-24 09:35:12,13.6500,18,1363536.0000,999,B,13.6400,13.6300,13.6200,13.6100,13.6000,13.6500,13.6600,13.6700,13.6800,13.6900,589,598,588,376,1061,92,214,845,585,1238
SZ,000001,2019-06-24 09:35:15,13.6500,4,81844.0000,60,B,13.6400,13.6300,13.6200,13.6100,13.6000,13.6500,13.6600,13.6700,13.6800,13.6900,550,608,588,376,1061,87,218,829,585,1238
SZ,000001,2019-06-24 09:35:18,13.6500,41,1035436.0000,759,B,13.6400,13.6300,13.6200,13.6100,13.6000,13.6500,13.6600,13.6700,13.6800,13.6900,28,508,588,376,1061,18,438,829,585,1238
SZ,000001,2019-06-24 09:35:21,13.6500,5,95548.0000,70,B,13.6500,13.6400,13.6300,13.6200,13.6100,13.6600,13.6700,13.6800,13.6900,13.7000,2,141,505,588,376,438,833,585,1286,1073
SZ,000001,2019-06-24 09:35:24,13.6400,12,332856.0000,244,S,13.6300,13.6200,13.6100,13.6000,13.5900,13.6400,13.6500,13.6600,13.6700,13.6800,531,588,376,1062,571,105,191,650,832,595
SZ,000001,2019-06-24 09:35:27,13.6400,6,126852.0000,93,B,13.6300,13.6200,13.6100,13.6000,13.5900,13.6400,13.6500,13.6600,13.6700,13.6800,591,588,376,1062,571,45,191,650,782,595
SZ,000001,2019-06-24 09:35:30,13.6300,20,337016.0000,247,S,13.6300,13.6200,13.6100,13.6000,13.5900,13.6400,13.6500,13.6600,13.6700,13.6800,597,488,376,1062,571,1,956,528,782,610
SZ,000001,2019-06-24 09:35:33,13.6300,9,94092.0000,69,S,13.6300,13.6200,13.6100,13.6000,13.5900,13.6400,13.6500,13.6600,13.6700,13.6800,570,488,376,1062,571,203,1008,528,543,610
SZ,000001,2019-06-24 09:35:36,13.6400,3,13640.0000,10,B,13.6300,13.6200,13.6100,13.6000,13.5900,13.6400,13.6500,13.6600,13.6700,13.6800,644,488,376,1035,571,194,1008,528,543,610
SZ,000001,2019-06-24 09:35:39,13.6300,3,84504.0000,62,S,13.6300,13.6200,13.6100,13.6000,13.5900,13.6400,13.6500,13.6600,13.6700,13.6800,686,488,401,1085,571,194,1049,528,543,610
SZ,000001,2019-06-24 09:35:42,13.6400,64,1492128.0000,1095,B,13.6200,13.6100,13.6000,13.5900,13.5800,13.6400,13.6500,13.6600,13.6700,13.6800,111,472,1092,571,685,358,1049,542,543,610
SZ,000001,2019-06-24 09:35:45,13.6300,13,106268.0000,78,S,13.6300,13.6200,13.6100,13.6000,13.5900,13.6400,13.6500,13.6600,13.6700,13.6800,59,505,472,1095,571,551,1110,432,563,610
SZ,000001,2019-06-24 09:35:48,13.6300,11,148580.0000,109,S,13.6300,13.6200,13.6100,13.6000,13.5900,13.6400,13.6500,13.6600,13.6700,13.6800,79,435,471,1075,571,544,1110,447,563,610
SZ,000001,2019-06-24 09:35:51,13.6500,69,1731284.0000,1269,B,13.6300,13.6200,13.6100,13.6000,13.5900,13.6500,13.6600,13.6700,13.6800,13.6900,37,432,481,1083,571,570,447,563,610,1315
SZ,000001,2019-06-24 09:35:54,13.6300,9,124032.0000,91,S,13.6300,13.6200,13.6100,13.6000,13.5900,13.6400,13.6500,13.6600,13.6700,13.6800,375,453,481,1084,571,79,711,433,558,610
SZ,000001,2019-06-24 09:35:57,13.6200,18,714144.0000,524,S,13.6200,13.6100,13.6000,13.5900,13.5800,13.6400,13.6500,13.6600,13.6700,13.6800,362,482,1094,571,685,109,729,533,558,606
SZ,000001,2019-06-24 09:36:00,13.6500,13,1079008.0000,791,B,13.6200,13.6100,13.6000,13.5900,13.5800,13.6500,13.6600,13.6700,13.6800,13.6900,272,489,1094,571,685,466,533,558,606,1319
SZ,000001,2019-06-24 09:36:03,13.6200,2,241072.0000,177,S,13.6200,13.6100,13.6000,13.5900,13.5800,13.6300,13.6500,13.6600,13.6700,13.6800,228,489,1122,571,685,5,519,463,558,606
SZ,000001,2019-06-24 09:36:06,13.6500,24,953648.0000,699,B,13.6500,13.6300,13.6200,13.6100,13.6000,13.6600,13.6700,13.6800,13.6900,13.7000,1465,4,372,519,1132,463,558,606,1319,1068
SZ,000001,2019-06-24 09:36:09,13.6500,5,241608.0000,177,S,13.6500,13.6300,13.6200,13.6100,13.6000,13.6600,13.6700,13.6800,13.6900,13.7000,1665,25,381,512,1141,520,558,606,1319,1068
SZ,000001,2019-06-24 09:36:12,13.6500,1,21840.0000,16,S,13.6500,13.6300,13.6200,13.6100,13.6000,13.6600,13.6700,13.6800,13.6900,13.7000,1753,21,391,527,1153,521,558,606,1319,1068
SZ,000001,2019-06-24 09:36:15,13.6600,14,521768.0000,382,B,13.6500,13.6300,13.6200,13.6100,13.6000,13.6600,13.6700,13.6800,13.6900,13.7000,1907,41,391,532,1153,185,558,606,1325,1068
SZ,000001,2019-06-24 09:36:18,13.6600,4,152928.0000,112,B,13.6500,13.6300,13.6200,13.6100,13.6000,13.6600,13.6700,13.6800,13.6900,13.7000,1841,71,381,532,1153,204,558,606,1325,1068
SZ,000001,2019-06-24 09:36:21,13.6500,24,2787240.0000,2042,S,13.6300,13.6200,13.6100,13.6000,13.5900,13.6500,13.6600,13.6700,13.6800,13.6900,32,431,632,1153,595,114,204,558,609,1325
SZ,000001,2019-06-24 09:36:24,13.6500,8,133656.0000,98,B,13.6400,13.6300,13.6200,13.6100,13.6000,13.6500,13.6600,13.6700,13.6800,13.6900,600,70,415,642,1173,203,256,563,614,1325
SZ,000001,2019-06-24 09:36:27,13.6400,4,469264.0000,344,S,13.6400,13.6300,13.6200,13.6100,13.6000,13.6500,13.6600,13.6700,13.6800,13.6900,340,89,445,642,1203,306,266,563,614,1325
SZ,000001,2019-06-24 09:36:30,13.6400,9,124144.0000,91,S,13.6400,13.6300,13.6200,13.6100,13.6000,13.6500,13.6600,13.6700,13.6800,13.6900,315,89,576,637,1203,302,266,558,614,1339
SZ,000001,2019-06-24 09:36:33,13.6500,5,117320.0000,86,B,13.6400,13.6300,13.6200,13.6100,13.6000,13.6500,13.6600,13.6700,13.6800,13.6900,247,89,576,637,1203,306,268,558,614,1339
SZ,000001,2019-06-24 09:36:36,13.6400,33,1004480.0000,737,S,13.6200,13.6100,13.6000,13.5900,13.5800,13.6400,13.6500,13.6600,13.6700,13.6800,463,637,1203,572,696,559,79,268,558,614
SZ,000001,2019-06-24 09:36:39,13.6300,4,40872.0000,30,S,13.6300,13.6200,13.6100,13.6000,13.5900,13.6400,13.6500,13.6600,13.6700,13.6800,2,742,637,1203,572,606,79,323,561,614
SZ,000001,2019-06-24 09:36:42,13.6400,12,945240.0000,693,B,13.6400,13.6200,13.6100,13.6000,13.5900,13.6500,13.6600,13.6700,13.6800,13.6900,1329,747,636,1213,572,109,323,561,614,1349
SZ,000001,2019-06-24 09:36:45,13.6600,33,616584.0000,451,B,13.6600,13.6500,13.6400,13.6300,13.6200,13.6700,13.6800,13.6900,13.7000,13.7100,705,1,1520,39,796,561,614,1349,1068,806
SZ,000001,2019-06-24 09:36:48,13.6600,15,232216.0000,170,S,13.6600,13.6500,13.6400,13.6300,13.6200,13.6700,13.6800,13.6900,13.7000,13.7100,572,735,1544,14,735,674,615,1349,1068,806
SZ,000001,2019-06-24 09:36:51,13.6600,15,292328.0000,214,S,13.6600,13.6500,13.6400,13.6300,13.6200,13.6700,13.6800,13.6900,13.7000,13.7100,360,735,1544,121,725,674,615,1349,1068,806
SZ,000001,2019-06-24 09:36:54,13.6600,23,500024.0000,366,S,13.6600,13.6500,13.6400,13.6300,13.6200,13.6700,13.6800,13.6900,13.7000,13.7100,158,735,1509,173,725,611,618,1349,1068,806
SZ,000001,2019-06-24 09:36:57,13.6700,2,2728.0000,2,B,13.6600,13.6500,13.6400,13.6300,13.6200,13.6700,13.6800,13.6900,13.7000,13.7100,307,736,1509,191,827,619,628,1349,1068,806
SZ,000001,2019-06-24 09:37:00,13.6700,24,1518672.0000,1112,B,13.6500,13.6400,13.6300,13.6200,13.6100,13.6600,13.6700,13.6800,13.6900,13.7000,214,1532,197,827,645,15,406,628,1359,1068
SZ,000001,2019-06-24 09:37:03,13.6600,7,120200.0000,88,B,13.6500,13.6400,13.6300,13.6200,13.6100,13.6600,13.6700,13.6800,13.6900,13.7000,212,1532,99,827,645,383,519,1728,1359,1068
SZ,000001,2019-06-24 09:37:06,13.6600,14,957352.0000,701,B,13.6500,13.6400,13.6300,13.6200,13.6100,13.6600,13.6700,13.6800,13.6900,13.7000,87,1462,119,826,645,16,519,1826,1364,1068
SZ,000001,2019-06-24 09:37:09,13.6500,17,412968.0000,303,S,13.6400,13.6300,13.6200,13.6100,13.6000,13.6500,13.6700,13.6800,13.6900,13.7000,1462,119,826,645,1282,0,519,2126,1364,1068
SZ,000001,2019-06-24 09:37:12,13.6500,5,145984.0000,107,B,13.6400,13.6300,13.6200,13.6100,13.6000,13.6500,13.6700,13.6800,13.6900,13.7000,1473,109,826,678,1284,209,519,2126,1364,1072
SZ,000001,2019-06-24 09:37:18,13.6500,2,25936.0000,19,B,13.6400,13.6300,13.6200,13.6100,13.6000,13.6500,13.6600,13.6700,13.6800,13.6900,1487,114,825,678,1255,193,8,530,2126,1368
SZ,000001,2019-06-24 09:37:21,13.6500,7,96920.0000,71,B,13.6400,13.6300,13.6200,13.6100,13.6000,13.6500,13.6600,13.6700,13.6800,13.6900,1487,114,825,678,1267,137,18,530,2126,1368
SZ,000001,2019-06-24 09:37:24,13.6500,10,190656.0000,139,B,13.6500,13.6400,13.6300,13.6200,13.6100,13.6600,13.6700,13.6800,13.6900,13.7000,1,313,120,863,678,18,538,2126,1368,1077
SZ,000001,2019-06-24 09:37:27,13.6600,13,47768.0000,35,B,13.6500,13.6400,13.6300,13.6200,13.6100,13.6600,13.6700,13.6800,13.6900,13.7000,38,273,140,903,678,9,538,2127,1368,1077
SZ,000001,2019-06-24 09:37:30,13.6500,25,1136264.0000,833,S,13.6500,13.6300,13.6200,13.6100,13.6000,13.6600,13.6700,13.6800,13.6900,13.7000,42,140,903,678,1267,19,875,2127,1368,1077
SZ,000001,2019-06-24 09:37:33,13.6700,10,133808.0000,98,B,13.6600,13.6500,13.6300,13.6200,13.6100,13.6700,13.6800,13.6900,13.7000,13.7100,22,205,152,903,678,865,2127,1368,777,2506
SZ,000001,2019-06-24 09:37:36,13.6500,6,86056.0000,63,S,13.6500,13.6300,13.6200,13.6100,13.6000,13.6600,13.6700,13.6800,13.6900,13.7000,305,155,903,692,1267,188,1413,2127,1368,777
SZ,000001,2019-06-24 09:37:39,13.6700,32,1726520.0000,1264,B,13.6500,13.6300,13.6200,13.6100,13.6000,13.6700,13.6800,13.6900,13.7000,13.7100,147,157,903,692,1273,1216,2127,1368,777,2506
SZ,000001,2019-06-24 09:37:42,13.6500,11,559656.0000,410,S,13.6400,13.6300,13.6200,13.6100,13.6000,13.6500,13.6700,13.6800,13.6900,13.7000,138,251,903,695,1273,2074,1205,2127,1368,777
SZ,000001,2019-06-24 09:37:45,13.6500,17,674008.0000,494,B,13.6300,13.6200,13.6100,13.6000,13.5900,13.6500,13.6600,13.6700,13.6800,13.6900,257,913,695,1273,569,1879,22,970,2127,1368
SZ,000001,2019-06-24 09:37:48,13.6500,12,106368.0000,78,B,13.6300,13.6200,13.6100,13.6000,13.5900,13.6500,13.6600,13.6700,13.6800,13.6900,235,913,695,1273,569,1868,222,970,2127,1367
SZ,000001,2019-06-24 09:37:51,13.6500,25,2908272.0000,2131,B,13.6500,13.6400,13.6300,13.6200,13.6100,13.6600,13.6700,13.6800,13.6900,13.7000,128,12,2,888,695,222,944,2127,1367,777
SZ,000001,2019-06-24 09:37:54,13.6500,7,356256.0000,261,S,13.6400,13.6300,13.6200,13.6100,13.6000,13.6500,13.6600,13.6700,13.6800,13.6900,2,102,888,695,1296,252,225,945,2127,1367
SZ,000001,2019-06-24 09:37:57,13.6400,8,161064.0000,118,S,13.6300,13.6200,13.6100,13.6000,13.5900,13.6400,13.6500,13.6600,13.6700,13.6800,132,888,695,1307,569,295,40,225,945,2127
SZ,000001,2019-06-24 09:38:00,13.6200,32,1447104.0000,1060,S,13.6300,13.6200,13.6100,13.6000,13.5900,13.6400,13.6700,13.6800,13.6900,13.7000,31,887,700,1307,569,27,586,2029,1367,806
SZ,000001,2019-06-24 09:38:03,13.6400,7,111848.0000,82,B,13.6500,13.6400,13.6300,13.6200,13.6100,13.6700,13.6800,13.6900,13.7000,13.7100,3,739,84,969,700,586,2029,1367,806,2526
SZ,000001,2019-06-24 09:38:06,13.6500,3,19104.0000,14,S,13.6400,13.6300,13.6200,13.6100,13.6000,13.6500,13.6600,13.6700,13.6800,13.6900,777,103,969,700,1307,133,7,588,2158,1367
SZ,000001,2019-06-24 09:38:09,13.6500,1,68256.0000,50,B,13.6400,13.6300,13.6200,13.6100,13.6000,13.6500,13.6600,13.6700,13.6800,13.6900,833,73,1038,700,1307,92,7,588,2158,1367
SZ,000001,2019-06-24 09:38:15,13.6400,17,267440.0000,196,S,13.6400,13.6300,13.6200,13.6100,13.6000,13.6500,13.6600,13.6700,13.6800,13.6900,761,73,1038,700,1326,1,512,588,2158,1371
SZ,000001,2019-06-24 09:38:18,13.6500,5,67456.0000,50,B,13.6500,13.6400,13.6300,13.6200,13.6100,13.6600,13.6700,13.6800,13.6900,13.7000,77,853,73,1048,700,549,818,2158,1371,806
SZ,000001,2019-06-24 09:38:21,13.6600,5,60064.0000,44,B,13.6500,13.6400,13.6300,13.6200,13.6100,13.6600,13.6700,13.6800,13.6900,13.7000,40,829,73,1048,700,550,818,2158,1371,735
SZ,000001,2019-06-24 09:38:24,13.6500,3,15016.0000,11,S,13.6500,13.6400,13.6300,13.6200,13.6100,13.6600,13.6700,13.6800,13.6900,13.7000,644,816,75,1063,690,614,828,2158,1371,735
SZ,000001,2019-06-24 09:38:27,13.6500,12,156976.0000,115,S,13.6500,13.6400,13.6300,13.6200,13.6100,13.6600,13.6700,13.6800,13.6900,13.7000,1340,865,96,1063,690,614,828,2158,1371,735
SZ,000001,2019-06-24 09:38:30,13.6500,4,16392.0000,12,S,13.6500,13.6400,13.6300,13.6200,13.6100,13.6600,13.6700,13.6800,13.6900,13.7000,1403,865,96,1067,1690,596,848,2158,1371,735
SZ,000001,2019-06-24 09:38:33,13.6600,7,319520.0000,234,B,13.6500,13.6400,13.6300,13.6200,13.6100,13.6600,13.6700,13.6800,13.6900,13.7000,1305,915,93,1067,1690,509,844,2158,1371,735
SZ,000001,2019-06-24 09:38:36,13.6600,12,1772696.0000,1298,S,13.6600,13.6500,13.6400,13.6300,13.6200,13.6700,13.6800,13.6900,13.7000,13.7100,711,2653,915,93,1067,861,2165,1361,735,2526
SZ,000001,2019-06-24 09:38:39,13.6600,5,508336.0000,372,S,13.6600,13.6500,13.6400,13.6300,13.6200,13.6700,13.6800,13.6900,13.7000,13.7100,625,2612,915,153,1067,905,2165,1361,735,2526
SZ,000001,2019-06-24 09:38:42,13.6700,3,17768.0000,13,B,13.6600,13.6500,13.6400,13.6300,13.6200,13.6700,13.6800,13.6900,13.7000,13.7100,688,2625,925,195,1067,632,2165,1361,747,2526
SZ,000001,2019-06-24 09:38:45,13.6700,9,254248.0000,186,B,13.6600,13.6500,13.6400,13.6300,13.6200,13.6700,13.6800,13.6900,13.7000,13.7100,821,2635,1007,195,985,460,2165,1361,747,2526
SZ,000001,2019-06-24 09:38:48,13.6700,9,419640.0000,307,B,13.6600,13.6500,13.6400,13.6300,13.6200,13.6700,13.6800,13.6900,13.7000,13.7100,825,2645,883,185,985,183,2165,1361,747,2526
SZ,000001,2019-06-24 09:38:51,13.6600,32,1677320.0000,1227,S,13.6600,13.6500,13.6400,13.6300,13.6200,13.6800,13.6900,13.7000,13.7100,13.7200,315,2645,880,185,985,1637,1357,747,2526,544
SZ,000001,2019-06-24 09:38:54,13.6600,14,275944.0000,202,S,13.6700,13.6600,13.6500,13.6400,13.6300,13.6800,13.6900,13.7000,13.7100,13.7200,10,317,2665,950,185,1640,1357,747,2526,519
SZ,000001,2019-06-24 09:38:57,13.6700,2,21872.0000,16,S,13.6700,13.6600,13.6500,13.6400,13.6300,13.6800,13.6900,13.7000,13.7100,13.7200,15,345,2650,950,185,1642,1357,747,2526,519
SZ,000001,2019-06-24 09:39:00,13.6800,10,169544.0000,124,B,13.6700,13.6600,13.6500,13.6400,13.6300,13.6800,13.6900,13.7000,13.7100,13.7200,61,246,2643,970,185,1609,1373,749,2526,519
SZ,000001,2019-06-24 09:39:03,13.6900,46,4052992.0000,2962,B,13.6600,13.6500,13.6400,13.6300,13.6200,13.6900,13.7000,13.7100,13.7200,13.7300,201,2626,970,185,1008,182,759,2526,519,2129
SZ,000001,2019-06-24 09:39:06,13.6800,19,547320.0000,400,S,13.6900,13.6800,13.6700,13.6600,13.6500,13.7000,13.7100,13.7200,13.7300,13.7400,100,9,170,297,2625,770,2670,519,2129,356
SZ,000001,2019-06-24 09:39:09,13.6800,12,767544.0000,561,S,13.6700,13.6600,13.6500,13.6400,13.6300,13.6800,13.6900,13.7000,13.7100,13.7200,23,464,2645,528,185,1445,235,1070,2672,519
SZ,000001,2019-06-24 09:39:12,13.6800,4,778392.0000,569,B,13.6700,13.6600,13.6500,13.6400,13.6300,13.6800,13.6900,13.7000,13.7100,13.7200,44,468,2645,528,185,1137,111,1070,2528,519
SZ,000001,2019-06-24 09:39:15,13.6600,16,426480.0000,312,S,13.6600,13.6500,13.6400,13.6300,13.6200,13.6800,13.6900,13.7000,13.7100,13.7200,245,2645,528,262,1001,1117,279,1091,2528,519
SZ,000001,2019-06-24 09:39:18,13.6800,25,612568.0000,448,B,13.6500,13.6400,13.6300,13.6200,13.6100,13.6800,13.6900,13.7000,13.7100,13.7200,2695,550,262,995,1795,1014,304,1064,2528,519
SZ,000001,2019-06-24 09:39:21,13.6800,2,207920.0000,152,B,13.6600,13.6500,13.6400,13.6300,13.6200,13.6800,13.6900,13.7000,13.7100,13.7200,34,2851,550,262,1045,928,304,1064,2488,719
SZ,000001,2019-06-24 09:39:24,13.6600,1,6824.0000,5,S,13.6600,13.6500,13.6400,13.6300,13.6200,13.6800,13.6900,13.7000,13.7100,13.7200,45,2851,550,330,1045,929,614,803,2488,726
SZ,000001,2019-06-24 09:39:27,13.6600,4,767408.0000,561,S,13.6600,13.6500,13.6400,13.6300,13.6200,13.6800,13.6900,13.7000,13.7100,13.7200,140,2710,550,360,1045,389,614,826,2488,726
SZ,000001,2019-06-24 09:39:30,13.6600,13,228296.0000,167,S,13.6600,13.6500,13.6400,13.6300,13.6200,13.6800,13.6900,13.7000,13.7100,13.7200,207,2715,550,360,1048,345,614,826,2488,726
SZ,000001,2019-06-24 09:39:33,13.6600,6,239184.0000,175,S,13.6600,13.6500,13.6400,13.6300,13.6200,13.6800,13.6900,13.7000,13.7100,13.7200,168,2715,550,360,1048,337,618,861,2488,726
SZ,000001,2019-06-24 09:39:36,13.6800,2,24624.0000,18,B,13.6600,13.6500,13.6400,13.6300,13.6200,13.6800,13.6900,13.7000,13.7100,13.7200,285,2710,550,360,1053,1106,618,882,2488,726
SZ,000001,2019-06-24 09:39:39,13.6800,6,35528.0000,26,B,13.6600,13.6500,13.6400,13.6300,13.6200,13.6800,13.6900,13.7000,13.7100,13.7200,385,2714,550,360,1053,1313,618,882,2488,726
SZ,000001,2019-06-24 09:39:42,13.6600,8,107936.0000,79,S,13.6600,13.6500,13.6400,13.6300,13.6200,13.6800,13.6900,13.7000,13.7100,13.7200,348,2812,553,460,1110,1304,618,892,2488,826
SZ,000001,2019-06-24 09:39:45,13.6600,5,205096.0000,150,S,13.6600,13.6500,13.6400,13.6300,13.6200,13.6700,13.6800,13.6900,13.7000,13.7100,313,2812,553,460,1110,5,1300,618,892,2488
SZ,000001,2019-06-24 09:39:48,13.6600,22,360976.0000,264,S,13.6600,13.6500,13.6400,13.6300,13.6200,13.6800,13.6900,13.7000,13.7100,13.7200,440,2812,553,460,1105,1146,618,892,2488,818
SZ,000001,2019-06-24 09:39:51,13.6800,24,1003064.0000,734,B,13.6600,13.6500,13.6400,13.6300,13.6200,13.6800,13.6900,13.7000,13.7100,13.7200,421,2812,553,460,1110,965,618,900,2488,818
SZ,000001,2019-06-24 09:39:54,13.6700,3,99720.0000,73,S,13.6600,13.6500,13.6400,13.6300,13.6200,13.6700,13.6800,13.6900,13.7000,13.7100,486,2812,553,460,1110,94,1072,618,900,2488
SZ,000001,2019-06-24 09:39:57,13.6600,5,160392.0000,117,S,13.6600,13.6500,13.6400,13.6300,13.6200,13.6700,13.6800,13.6900,13.7000,13.7100,488,2808,553,465,1110,247,1070,618,902,2488
SZ,000001,2019-06-24 09:40:00,13.6800,8,1370464.0000,1002,B,13.6700,13.6600,13.6500,13.6400,13.6300,13.6800,13.6900,13.7000,13.7100,13.7200,9,788,2893,553,515,315,618,902,2488,818
SZ,000001,2019-06-24 09:40:03,13.6600,5,73792.0000,54,S,13.6600,13.6500,13.6400,13.6300,13.6200,13.6700,13.6800,13.6900,13.7000,13.7100,764,2893,560,515,1113,206,385,618,902,2488
SZ,000001,2019-06-24 09:40:06,13.6700,5,107984.0000,79,B,13.6600,13.6500,13.6400,13.6300,13.6200,13.6700,13.6800,13.6900,13.7000,13.7100,768,2893,560,535,1114,150,370,818,902,2488
SZ,000001,2019-06-24 09:40:09,13.6700,8,442776.0000,324,B,13.6700,13.6600,13.6500,13.6400,13.6300,13.6800,13.6900,13.7000,13.7100,13.7200,29,700,2893,577,535,571,818,902,2488,818
SZ,000001,2019-06-24 09:40:12,13.6700,16,804336.0000,588,S,13.6700,13.6600,13.6500,13.6400,13.6300,13.6800,13.6900,13.7000,13.7100,13.7200,80,656,2893,577,535,55,818,1002,2488,818
SZ,000001,2019-06-24 09:40:15,13.6700,3,69768.0000,51,S,13.6700,13.6600,13.6500,13.6400,13.6300,13.6800,13.6900,13.7000,13.7100,13.7200,115,699,2893,577,535,5,819,1002,2488,818
SZ,000001,2019-06-24 09:40:18,13.6700,6,116192.0000,85,S,13.6700,13.6600,13.6500,13.6400,13.6300,13.6800,13.6900,13.7000,13.7100,13.7200,94,2699,2893,628,535,15,1019,1002,2488,818
SZ,000001,2019-06-24 09:40:21,13.6700,12,143544.0000,105,S,13.6700,13.6600,13.6500,13.6400,13.6300,13.6800,13.6900,13.7000,13.7100,13.7200,113,2709,2982,628,545,381,1019,1002,2488,818
SZ,000001,2019-06-24 09:40:24,13.6800,6,87552.0000,64,B,13.6700,13.6600,13.6500,13.6400,13.6300,13.6800,13.6900,13.7000,13.7100,13.7200,333,2735,2977,1128,548,340,1325,1002,2488,818
SZ,000001,2019-06-24 09:40:27,13.6700,1,23240.0000,17,S,13.6700,13.6600,13.6500,13.6400,13.6300,13.6800,13.6900,13.7000,13.7100,13.7200,377,2785,3020,1128,548,340,1325,1212,2488,818
SZ,000001,2019-06-24 09:40:30,13.6700,1,35544.0000,26,S,13.6700,13.6600,13.6500,13.6400,13.6300,13.6800,13.6900,13.7000,13.7100,13.7200,383,2789,3025,1128,528,341,1325,1212,2488,818
SZ,000001,2019-06-24 09:40:33,13.6800,27,618008.0000,452,B,13.6700,13.6600,13.6500,13.6400,13.6300,13.6800,13.6900,13.7000,13.7100,13.7200,188,2991,3095,1128,528,236,1325,1212,2488,818
SZ,000001,2019-06-24 09:40:36,13.6700,5,56080.0000,41,S,13.6700,13.6600,13.6500,13.6400,13.6300,13.6800,13.6900,13.7000,13.7100,13.7200,259,3091,3095,1138,528,225,1325,1217,2488,818
SZ,000001,2019-06-24 09:40:39,13.6700,3,172368.0000,126,S,13.6700,13.6600,13.6500,13.6400,13.6300,13.6800,13.6900,13.7000,13.7100,13.7200,317,3111,3112,1118,528,134,1325,1217,2488,818
SZ,000001,2019-06-24 09:40:42,13.6900,15,381816.0000,279,B,13.6800,13.6700,13.6600,13.6500,13.6400,13.6900,13.7000,13.7100,13.7200,13.7300,531,429,3084,3112,1118,1183,1217,2488,818,2109
SZ,000001,2019-06-24 09:40:45,13.6800,5,305160.0000,223,S,13.6800,13.6700,13.6600,13.6500,13.6400,13.6900,13.7000,13.7100,13.7200,13.7300,437,429,3084,3114,1128,1205,1227,2630,839,2109
SZ,000001,2019-06-24 09:40:48,13.6800,8,177944.0000,130,S,13.6800,13.6700,13.6600,13.6500,13.6400,13.6900,13.7000,13.7100,13.7200,13.7300,460,435,3084,3094,1185,1108,1227,2630,839,2109
SZ,000001,2019-06-24 09:40:51,13.6900,8,694056.0000,507,B,13.6800,13.6700,13.6600,13.6500,13.6400,13.6900,13.7000,13.7100,13.7200,13.7300,442,425,3082,3094,1194,766,1227,2630,839,2113
SZ,000001,2019-06-24 09:40:54,13.6800,7,251728.0000,184,S,13.6800,13.6700,13.6600,13.6500,13.6400,13.6900,13.7000,13.7100,13.7200,13.7300,331,425,3091,3094,1194,993,1227,2630,839,2113
SZ,000001,2019-06-24 09:40:57,13.6800,14,915840.0000,669,S,13.6800,13.6700,13.6600,13.6500,13.6400,13.6900,13.7000,13.7100,13.7200,13.7300,331,490,3091,3194,1194,515,1227,2630,749,2113
SZ,000001,2019-06-24 09:41:00,13.6900,21,396728.0000,290,B,13.6800,13.6700,13.6600,13.6500,13.6400,13.6900,13.7000,13.7100,13.7200,13.7300,516,556,3246,3224,1185,783,1227,2617,769,2113
SZ,000001,2019-06-24 09:41:03,13.6800,5,468152.0000,342,S,13.6800,13.6700,13.6600,13.6500,13.6400,13.6900,13.7000,13.7100,13.7200,13.7300,508,576,3246,3234,1185,501,1232,2617,769,2103
SZ,000001,2019-06-24 09:41:06,13.6800,9,201096.0000,147,S,13.6800,13.6700,13.6600,13.6500,13.6400,13.6900,13.7000,13.7100,13.7200,13.7300,503,576,3266,3234,1185,1066,1422,2617,769,2105
SZ,000001,2019-06-24 09:41:09,13.6800,15,541744.0000,396,S,13.6800,13.6700,13.6600,13.6500,13.6400,13.6900,13.7000,13.7100,13.7200,13.7300,214,573,3266,3234,1185,865,1422,2617,769,2105
SZ,000001,2019-06-24 09:41:12,13.6900,14,396960.0000,290,B,13.6800,13.6700,13.6600,13.6500,13.6400,13.6900,13.7000,13.7100,13.7200,13.7300,235,1079,3266,3234,1209,745,1422,2617,769,2105
SZ,000001,2019-06-24 09:41:15,13.6900,11,175136.0000,128,B,13.6800,13.6700,13.6600,13.6500,13.6400,13.6900,13.7000,13.7100,13.7200,13.7300,339,1089,3266,3234,1209,860,1424,2617,869,2105
SZ,000001,2019-06-24 09:41:18,13.6800,15,302328.0000,221,S,13.6800,13.6700,13.6600,13.6500,13.6400,13.6900,13.7000,13.7100,13.7200,13.7300,121,1245,3266,3234,1209,1097,1324,2617,869,2105
SZ,000001,2019-06-24 09:41:21,13.6800,5,42408.0000,31,S,13.6800,13.6700,13.6600,13.6500,13.6400,13.6900,13.7000,13.7100,13.7200,13.7300,93,1424,3246,3235,1209,1207,1324,2617,869,2105
SZ,000001,2019-06-24 09:41:24,13.6800,11,132704.0000,97,S,13.6800,13.6700,13.6600,13.6500,13.6400,13.6900,13.7000,13.7100,13.7200,13.7300,76,1449,3246,3235,1209,1207,1332,2617,887,2105
SZ,000001,2019-06-24 09:41:27,13.6900,10,325808.0000,238,B,13.6800,13.6700,13.6600,13.6500,13.6400,13.6900,13.7000,13.7100,13.7200,13.7300,147,1393,3246,3235,1209,1166,1328,2617,887,2126
SZ,000001,2019-06-24 09:41:30,13.6900,6,75248.0000,55,B,13.6800,13.6700,13.6600,13.6500,13.6400,13.6900,13.7000,13.7100,13.7200,13.7300,111,1412,3246,3235,1209,1163,1328,2617,887,2126
SZ,000001,2019-06-24 09:41:33,13.6900,26,1262048.0000,922,B,13.6700,13.6600,13.6500,13.6400,13.6300,13.6900,13.7000,13.7100,13.7200,13.7300,1416,3246,3235,1209,528,460,1328,2617,887,2126
SZ,000001,2019-06-24 09:41:36,13.6900,9,212080.0000,155,B,13.6800,13.6700,13.6600,13.6500,13.6400,13.6900,13.7000,13.7100,13.7200,13.7300,26,1494,3272,3235,1202,423,1328,2617,887,2126
SZ,000001,2019-06-24 09:41:39,13.6800,84,2842144.0000,2075,S,13.6800,13.6700,13.6600,13.6500,13.6400,13.6900,13.7100,13.7200,13.7300,13.7400,35,1541,3279,3235,1202,18,2617,887,2126,376
SZ,000001,2019-06-24 09:41:42,13.6800,13,907568.0000,663,S,13.6800,13.6700,13.6600,13.6500,13.6400,13.7100,13.7200,13.7300,13.7400,13.7500,53,1398,3279,3235,1202,2617,880,2126,376,3014
SZ,000001,2019-06-24 09:41:45,13.7100,3,85208.0000,62,B,13.6800,13.6700,13.6600,13.6500,13.6400,13.7100,13.7200,13.7300,13.7400,13.7500,229,1398,3278,3235,1202,2642,880,2126,376,3014
SZ,000001,2019-06-24 09:41:48,13.7000,3,19176.0000,14,S,13.7000,13.6900,13.6800,13.6700,13.6600,13.7100,13.7200,13.7300,13.7400,13.7500,286,40,242,1398,3278,2618,880,2141,376,3014
SZ,000001,2019-06-24 09:41:51,13.6900,11,484936.0000,354,S,13.6900,13.6800,13.6700,13.6600,13.6500,13.7000,13.7100,13.7200,13.7300,13.7400,24,239,1403,3257,3234,149,2645,880,2141,376
SZ,000001,2019-06-24 09:41:54,13.7000,12,182208.0000,133,B,13.6900,13.6800,13.6700,13.6600,13.6500,13.7000,13.7100,13.7200,13.7300,13.7400,110,234,1395,3257,3234,46,2642,880,2141,376
SZ,000001,2019-06-24 09:41:57,13.6900,9,195792.0000,143,S,13.6900,13.6800,13.6700,13.6600,13.6500,13.7000,13.7100,13.7200,13.7300,13.7400,838,257,1395,3258,3234,144,2642,880,2141,396
SZ,000001,2019-06-24 09:42:00,13.7000,15,327360.0000,239,B,13.7000,13.6900,13.6800,13.6700,13.6600,13.7100,13.7200,13.7300,13.7400,13.7500,523,810,284,1395,3258,2633,887,2141,396,3011
SZ,000001,2019-06-24 09:42:03,13.7000,16,806072.0000,588,S,13.7000,13.6900,13.6800,13.6700,13.6600,13.7100,13.7200,13.7300,13.7400,13.7500,471,791,284,1389,3258,2120,787,2141,396,3011
SZ,000001,2019-06-24 09:42:06,13.7000,6,333072.0000,243,S,13.7000,13.6900,13.6800,13.6700,13.6600,13.7100,13.7200,13.7300,13.7400,13.7500,427,776,299,1389,3258,2055,787,2141,396,3011
SZ,000001,2019-06-24 09:42:09,13.7000,20,393344.0000,287,S,13.7000,13.6900,13.6800,13.6700,13.6600,13.7100,13.7200,13.7300,13.7400,13.7500,328,776,299,1389,3258,1903,787,2141,396,3011
SZ,000001,2019-06-24 09:42:12,13.7100,10,171304.0000,125,B,13.7000,13.6900,13.6800,13.6700,13.6600,13.7100,13.7200,13.7300,13.7400,13.7500,261,780,249,1360,3258,1850,787,2141,396,3011
SZ,000001,2019-06-24 09:42:15,13.7100,8,1514880.0000,1105,B,13.7000,13.6900,13.6800,13.6700,13.6600,13.7100,13.7200,13.7300,13.7400,13.7500,214,1580,249,1360,3260,822,887,2141,406,3041
SZ,000001,2019-06-24 09:42:18,13.7100,25,332928.0000,243,B,13.7000,13.6900,13.6800,13.6700,13.6600,13.7100,13.7200,13.7300,13.7400,13.7500,52,1590,281,1355,3252,807,877,2141,416,3041
SZ,000001,2019-06-24 09:42:21,13.7100,22,1344776.0000,981,B,13.7100,13.7000,13.6900,13.6800,13.6700,13.7200,13.7300,13.7400,13.7500,13.7600,1197,21,1672,281,1355,867,2141,460,3041,1127
SZ,000001,2019-06-24 09:42:24,13.7100,7,722520.0000,527,S,13.7100,13.7000,13.6900,13.6800,13.6700,13.7200,13.7300,13.7400,13.7500,13.7600,993,9,1590,281,1355,678,2141,460,3041,1127
SZ,000001,2019-06-24 09:42:27,13.7100,8,395496.0000,289,S,13.7100,13.7000,13.6900,13.6800,13.6700,13.7200,13.7300,13.7400,13.7500,13.7600,920,2,1590,281,1355,589,2149,460,3051,1127
SZ,000001,2019-06-24 09:42:30,13.7100,37,1003984.0000,732,S,13.7100,13.7000,13.6900,13.6800,13.6700,13.7200,13.7300,13.7400,13.7500,13.7600,640,2,1590,281,1354,172,2159,2460,3051,1127
SZ,000001,2019-06-24 09:42:33,13.7100,7,131696.0000,96,S,13.7100,13.7000,13.6900,13.6800,13.6700,13.7200,13.7300,13.7400,13.7500,13.7600,743,52,1590,286,1354,233,2159,2603,3051,1127
SZ,000001,2019-06-24 09:42:36,13.7200,14,316776.0000,231,B,13.7100,13.7000,13.6900,13.6800,13.6700,13.7200,13.7300,13.7400,13.7500,13.7600,681,56,1590,286,1354,398,2146,2603,3051,1127
SZ,000001,2019-06-24 09:42:39,13.7200,17,488240.0000,356,B,13.7100,13.7000,13.6900,13.6800,13.6700,13.7200,13.7300,13.7400,13.7500,13.7600,534,56,1588,280,1354,401,2146,2603,3051,1127
SZ,000001,2019-06-24 09:42:42,13.7100,26,1020960.0000,744,S,13.7000,13.6900,13.6800,13.6700,13.6600,13.7100,13.7200,13.7300,13.7400,13.7500,56,1588,280,1354,3317,88,540,2146,2603,3056
SZ,000001,2019-06-24 09:42:45,13.7100,4,109680.0000,80,B,13.7000,13.6900,13.6800,13.6700,13.6600,13.7100,13.7200,13.7300,13.7400,13.7500,218,2338,337,1334,3317,9,541,2146,2603,3256
SZ,000001,2019-06-24 09:42:48,13.7100,10,86856.0000,64,B,13.7100,13.7000,13.6900,13.6800,13.6700,13.7200,13.7300,13.7400,13.7500,13.7600,251,253,2338,337,1334,588,2156,2603,3256,1127
SZ,000001,2019-06-24 09:42:51,13.7200,9,268808.0000,196,B,13.7100,13.7000,13.6900,13.6800,13.6700,13.7200,13.7300,13.7400,13.7500,13.7600,1235,293,2338,337,1234,947,2156,2603,3356,1127
SZ,000001,2019-06-24 09:42:54,13.7200,10,348336.0000,254,B,13.7100,13.7000,13.6900,13.6800,13.6700,13.7200,13.7300,13.7400,13.7500,13.7600,1159,314,2338,344,1228,899,2156,2603,3352,1127
SZ,000001,2019-06-24 09:42:57,13.7200,65,968624.0000,706,B,13.7100,13.7000,13.6900,13.6800,13.6700,13.7200,13.7300,13.7400,13.7500,13.7600,1229,314,2338,344,1228,414,2156,2603,3352,1137
SZ,000001,2019-06-24 09:43:00,13.7200,16,742256.0000,541,B,13.7200,13.7100,13.7000,13.6900,13.6800,13.7300,13.7400,13.7500,13.7600,13.7700,1851,1277,314,2338,344,2156,2603,3352,1147,4402
SZ,000001,2019-06-24 09:43:03,13.7300,10,614656.0000,448,B,13.7200,13.7100,13.7000,13.6900,13.6800,13.7300,13.7400,13.7500,13.7600,13.7700,2183,1138,234,2338,344,2472,2603,3544,1147,4402
SZ,000001,2019-06-24 09:43:06,13.7200,1,27440.0000,20,S,13.7200,13.7100,13.7000,13.6900,13.6800,13.7300,13.7400,13.7500,13.7600,13.7700,2249,1134,234,2343,347,2482,2653,3544,1147,4402
SZ,000001,2019-06-24 09:43:09,13.7300,13,913008.0000,665,B,13.7200,13.7100,13.7000,13.6900,13.6800,13.7300,13.7400,13.7500,13.7600,13.7700,3235,1110,234,2345,347,1863,2653,3544,1167,4402
SZ,000001,2019-06-24 09:43:12,13.7300,10,804496.0000,586,B,13.7200,13.7100,13.7000,13.6900,13.6800,13.7300,13.7400,13.7500,13.7600,13.7700,3796,1130,234,2345,347,1435,2653,3544,1167,4402
SZ,000001,2019-06-24 09:43:15,13.7300,5,729072.0000,531,B,13.7200,13.7100,13.7000,13.6900,13.6800,13.7300,13.7400,13.7500,13.7600,13.7700,3893,1120,234,2350,346,907,2653,3744,1207,4402
SZ,000001,2019-06-24 09:43:18,13.7200,25,1327648.0000,967,S,13.7200,13.7100,13.7000,13.6900,13.6800,13.7300,13.7400,13.7500,13.7600,13.7700,3951,1109,234,2350,346,985,2663,3744,1207,4402
SZ,000001,2019-06-24 09:43:21,13.7300,5,681008.0000,496,B,13.7200,13.7100,13.7000,13.6900,13.6800,13.7300,13.7400,13.7500,13.7600,13.7700,4009,1142,249,2350,346,1023,2663,3744,1197,4402
SZ,000001,2019-06-24 09:43:24,13.7300,7,284208.0000,207,B,13.7200,13.7100,13.7000,13.6900,13.6800,13.7300,13.7400,13.7500,13.7600,13.7700,4184,1110,249,2350,346,827,2663,3744,1197,4402
SZ,000001,2019-06-24 09:43:27,13.7300,6,155136.0000,113,B,13.7200,13.7100,13.7000,13.6900,13.6800,13.7300,13.7400,13.7500,13.7600,13.7700,4131,1110,249,2350,289,890,2687,3744,1197,4397
SZ,000001,2019-06-24 09:43:30,13.7300,13,1326320.0000,966,B,13.7300,13.7200,13.7100,13.7000,13.6900,13.7400,13.7500,13.7600,13.7700,13.7800,3817,4122,1110,254,2350,2687,3744,1197,4401,5207
SZ,000001,2019-06-24 09:43:33,13.7300,12,703056.0000,512,S,13.7300,13.7200,13.7100,13.7000,13.6900,13.7400,13.7500,13.7600,13.7700,13.7800,4250,3507,1110,254,2350,2800,3746,1197,4402,5207
SZ,000001,2019-06-24 09:43:36,13.7400,22,1284304.0000,935,B,13.7300,13.7200,13.7100,13.7000,13.6900,13.7400,13.7500,13.7600,13.7700,13.7800,3959,3503,1140,239,2350,2541,3726,1197,4402,5207
SZ,000001,2019-06-24 09:43:39,13.7300,9,765296.0000,557,S,13.7300,13.7200,13.7100,13.7000,13.6900,13.7400,13.7500,13.7600,13.7700,13.7800,3856,3420,1140,239,2350,1999,3736,1197,4402,5207
SZ,000001,2019-06-24 09:43:42,13.7400,10,438144.0000,319,B,13.7300,13.7200,13.7100,13.7000,13.6900,13.7400,13.7500,13.7600,13.7700,13.7800,3749,3370,1134,249,2350,2047,3736,1197,4402,5207
SZ,000001,2019-06-24 09:43:45,13.7400,14,645744.0000,470,B,13.7300,13.7200,13.7100,13.7000,13.6900,13.7400,13.7500,13.7600,13.7700,13.7800,3761,3370,1144,306,2350,1621,3726,1211,4472,5207
SZ,000001,2019-06-24 09:43:48,13.7500,41,2900592.0000,2111,B,13.7400,13.7300,13.7200,13.7100,13.7000,13.7500,13.7600,13.7700,13.7800,13.7900,812,3609,3412,1164,306,3494,1211,4472,5207,2864
SZ,000001,2019-06-24 09:43:51,13.7500,44,2105840.0000,1532,B,13.7400,13.7300,13.7200,13.7100,13.7000,13.7500,13.7600,13.7700,13.7800,13.7900,1223,3318,3395,1164,346,2783,1223,4728,5207,2864
SZ,000001,2019-06-24 09:43:54,13.7400,46,4802800.0000,3493,S,13.7500,13.7400,13.7300,13.7200,13.7100,13.7600,13.7700,13.7800,13.7900,13.8000,1,1229,3266,3395,1164,1050,4728,5207,2864,3473
SZ,000001,2019-06-24 09:43:57,13.7600,31,1548992.0000,1126,B,13.7500,13.7400,13.7300,13.7200,13.7100,13.7600,13.7700,13.7800,13.7900,13.8000,288,1403,2870,3395,1146,921,4728,5505,2864,3473
SZ,000001,2019-06-24 09:44:00,13.7600,33,986544.0000,717,B,13.7500,13.7400,13.7300,13.7200,13.7100,13.7600,13.7700,13.7800,13.7900,13.8000,812,1254,2858,3395,1146,2261,4744,5505,2864,3473
SZ,000001,2019-06-24 09:44:03,13.7600,8,169152.0000,123,B,13.7500,13.7400,13.7300,13.7200,13.7100,13.7600,13.7700,13.7800,13.7900,13.8000,2100,1254,2844,3395,1146,2625,5044,5515,2864,3463
SZ,000001,2019-06-24 09:44:06,13.7500,27,632560.0000,460,S,13.7500,13.7400,13.7300,13.7200,13.7100,13.7600,13.7700,13.7800,13.7900,13.8000,1837,1255,2844,3390,1146,2630,5044,5515,2764,3463
SZ,000001,2019-06-24 09:44:09,13.7600,13,217360.0000,158,B,13.7500,13.7400,13.7300,13.7200,13.7100,13.7600,13.7700,13.7800,13.7900,13.8000,2936,1255,2815,3390,1146,2639,5044,5516,2764,3474
SZ,000001,2019-06-24 09:44:12,13.7500,21,809408.0000,588,S,13.7500,13.7400,13.7300,13.7200,13.7100,13.7600,13.7700,13.7800,13.7900,13.8000,2535,1801,2815,3390,1126,2524,5040,5516,2764,3474
SZ,000001,2019-06-24 09:44:15,13.7600,10,1286560.0000,935,B,13.7500,13.7400,13.7300,13.7200,13.7100,13.7600,13.7700,13.7800,13.7900,13.8000,2651,1791,2815,3390,1126,1995,5040,5516,2754,3464
SZ,000001,2019-06-24 09:44:18,13.7500,18,800384.0000,582,S,13.7500,13.7400,13.7300,13.7200,13.7100,13.7600,13.7700,13.7800,13.7900,13.8000,2244,1790,2955,3390,1126,1872,5040,5516,2754,3454
SZ,000001,2019-06-24 09:44:21,13.7500,16,1464752.0000,1065,S,13.7500,13.7400,13.7300,13.7200,13.7100,13.7600,13.7700,13.7800,13.7900,13.8000,1671,1790,2955,3300,1126,1607,5040,5516,2754,3461
SZ,000001,2019-06-24 09:44:24,13.7500,46,4304624.0000,3131,S,13.7400,13.7300,13.7200,13.7100,13.7000,13.7500,13.7600,13.7700,13.7800,13.7900,1457,2963,3300,1126,355,2770,1445,5040,5516,2761
SZ,000001,2019-06-24 09:44:27,13.7400,21,1823520.0000,1327,S,13.7400,13.7300,13.7200,13.7100,13.7000,13.7500,13.7600,13.7700,13.7800,13.7900,673,2953,3300,1126,318,3684,1201,5050,5218,2796
SZ,000001,2019-06-24 09:44:30,13.7400,37,2105232.0000,1532,S,13.7300,13.7200,13.7100,13.7000,13.6900,13.7400,13.7500,13.7600,13.7700,13.7800,2895,3300,1126,318,1593,34,5639,1409,5050,5218
SZ,000001,2019-06-24 09:44:33,13.7300,27,1216976.0000,886,S,13.7300,13.7200,13.7100,13.7000,13.6900,13.7400,13.7500,13.7600,13.7700,13.7800,2652,3300,1126,324,1593,424,5497,1409,4794,5218
SZ,000001,2019-06-24 09:44:36,13.7300,23,2309616.0000,1682,S,13.7300,13.7200,13.7100,13.7000,13.6900,13.7400,13.7500,13.7600,13.7700,13.7800,1272,2990,1116,324,1593,307,5487,1409,4824,5218
SZ,000001,2019-06-24 09:44:39,13.7300,49,2368368.0000,1725,S,13.7200,13.7100,13.7000,13.6900,13.6800,13.7300,13.7400,13.7500,13.7600,13.7700,2877,1116,303,1593,266,1054,555,5490,2309,4824
SZ,000001,2019-06-24 09:44:42,13.7300,27,1870304.0000,1363,B,13.7200,13.7100,13.7000,13.6900,13.6800,13.7300,13.7400,13.7500,13.7600,13.7700,2166,1147,302,1593,264,306,421,5540,2188,4824
SZ,000001,2019-06-24 09:44:45,13.7200,24,2442304.0000,1780,S,13.7200,13.7100,13.7000,13.6900,13.6800,13.7300,13.7400,13.7500,13.7600,13.7700,664,1147,302,1593,264,269,332,5540,2219,4824
SZ,000001,2019-06-24 09:44:48,13.7500,42,2082944.0000,1516,B,13.7200,13.7100,13.7000,13.6900,13.6800,13.7500,13.7600,13.7700,13.7800,13.7900,654,1147,302,1583,265,2976,2212,4824,5223,2814
SZ,000001,2019-06-24 09:44:51,13.7300,6,116688.0000,85,S,13.7300,13.7200,13.7100,13.7000,13.6900,13.7400,13.7500,13.7600,13.7700,13.7800,24,815,1147,306,1583,28,3064,2373,4824,5223
SZ,000001,2019-06-24 09:44:54,13.7500,12,112640.0000,82,B,13.7300,13.7200,13.7100,13.7000,13.6900,13.7500,13.7600,13.7700,13.7800,13.7900,32,983,1147,363,1583,2871,2300,4824,5223,2816
SZ,000001,2019-06-24 09:44:57,13.7200,19,258064.0000,188,S,13.7200,13.7100,13.7000,13.6900,13.6800,13.7400,13.7500,13.7600,13.7700,13.7800,906,1897,363,1583,270,450,3129,2300,5100,5223
SZ,000001,2019-06-24 09:45:00,13.7300,19,2137504.0000,1555,B,13.7300,13.7200,13.7100,13.7000,13.6900,13.7400,13.7500,13.7600,13.7700,13.7800,284,805,1905,363,1588,5,2229,2306,4824,5223
SZ,000001,2019-06-24 09:45:03,13.7300,12,956672.0000,696,S,13.7300,13.7200,13.7100,13.7000,13.6900,13.7400,13.7500,13.7600,13.7700,13.7800,389,494,1905,363,1603,93,1606,2280,4844,5223
SZ,000001,2019-06-24 09:45:06,13.7400,4,38480.0000,28,B,13.7300,13.7200,13.7100,13.7000,13.6900,13.7400,13.7500,13.7600,13.7700,13.7800,1136,324,1905,363,1603,430,1624,2277,4844,5223
SZ,000001,2019-06-24 09:45:09,13.7500,17,1000224.0000,728,B,13.7300,13.7200,13.7100,13.7000,13.6900,13.7400,13.7500,13.7600,13.7700,13.7800,1187,467,1905,363,1603,4,1625,2282,4848,5223
SZ,000001,2019-06-24 09:45:12,13.7300,14,316032.0000,230,S,13.7300,13.7200,13.7100,13.7000,13.6900,13.7400,13.7500,13.7600,13.7700,13.7800,1193,467,1905,373,1603,7,1581,2282,4800,5223
SZ,000001,2019-06-24 09:45:15,13.7400,10,807632.0000,588,B,13.7400,13.7300,13.7200,13.7100,13.7000,13.7500,13.7600,13.7700,13.7800,13.7900,495,942,477,1905,373,1636,2282,4800,5223,2866
SZ,000001,2019-06-24 09:45:18,13.7400,2,53584.0000,39,S,13.7400,13.7300,13.7200,13.7100,13.7000,13.7500,13.7600,13.7700,13.7800,13.7900,549,942,498,1920,368,1723,2360,5075,5233,2886
SZ,000001,2019-06-24 09:45:21,13.7400,6,74208.0000,54,S,13.7400,13.7300,13.7200,13.7100,13.7000,13.7500,13.7600,13.7700,13.7800,13.7900,778,812,531,1920,368,1785,2433,5075,5233,2891
SZ,000001,2019-06-24 09:45:24,13.7500,15,615984.0000,448,B,13.7400,13.7300,13.7200,13.7100,13.7000,13.7500,13.7600,13.7700,13.7800,13.7900,920,794,531,1920,390,1352,2430,5077,5233,2891
SZ,000001,2019-06-24 09:45:27,13.7400,7,175920.0000,128,S,13.7400,13.7300,13.7200,13.7100,13.7000,13.7500,13.7600,13.7700,13.7800,13.7900,903,879,546,1920,390,1431,2430,5077,5233,2891
SZ,000001,2019-06-24 09:45:30,13.7500,28,1252592.0000,911,B,13.7400,13.7300,13.7200,13.7100,13.7000,13.7500,13.7600,13.7700,13.7800,13.7900,917,879,571,1920,390,604,2435,5077,5233,2891
SZ,000001,2019-06-24 09:45:33,13.7500,47,1303376.0000,948,B,13.7500,13.7400,13.7300,13.7200,13.7100,13.7600,13.7700,13.7800,13.7900,13.8000,266,765,900,789,1920,2481,5077,5233,2891,3673
SZ,000001,2019-06-24 09:45:36,13.7500,9,819760.0000,596,S,13.7500,13.7400,13.7300,13.7200,13.7100,13.7600,13.7700,13.7800,13.7900,13.8000,1634,739,900,679,1920,2525,5077,5533,2891,3733
SZ,000001,2019-06-24 09:45:39,13.7500,22,807584.0000,587,S,13.7500,13.7400,13.7300,13.7200,13.7100,13.7600,13.7700,13.7800,13.7900,13.8000,1758,722,900,679,1920,2141,5077,5517,2891,3533
SZ,000001,2019-06-24 09:45:42,13.7600,16,324640.0000,236,B,13.7500,13.7400,13.7300,13.7200,13.7100,13.7600,13.7700,13.7800,13.7900,13.8000,1935,767,900,673,1992,1995,5077,5567,2896,3533
SZ,000001,2019-06-24 09:45:45,13.7500,12,359120.0000,261,S,13.7500,13.7400,13.7300,13.7200,13.7100,13.7600,13.7700,13.7800,13.7900,13.8000,3272,777,880,673,1992,1765,5082,5567,2896,3533
SZ,000001,2019-06-24 09:45:48,13.7500,6,88032.0000,64,S,13.7500,13.7400,13.7300,13.7200,13.7100,13.7600,13.7700,13.7800,13.7900,13.8000,2751,777,951,673,1992,1727,5082,5327,2896,3533
SZ,000001,2019-06-24 09:45:51,13.7500,35,4015088.0000,2920,S,13.7400,13.7300,13.7200,13.7100,13.7000,13.7500,13.7600,13.7700,13.7800,13.7900,757,951,673,1992,896,1229,1658,5082,5319,2895
SZ,000001,2019-06-24 09:45:54,13.7500,37,2607472.0000,1897,B,13.7400,13.7300,13.7200,13.7100,13.7000,13.7500,13.7600,13.7700,13.7800,13.7900,86,951,673,1993,896,268,1365,5082,5087,2895
SZ,000001,2019-06-24 09:45:57,13.7400,14,1061488.0000,772,S,13.7400,13.7300,13.7200,13.7100,13.7000,13.7500,13.7600,13.7700,13.7800,13.7900,374,1033,673,1993,896,71,1310,5082,5087,2895
SZ,000001,2019-06-24 09:46:00,13.7500,18,586928.0000,427,B,13.7400,13.7300,13.7200,13.7100,13.7000,13.7500,13.7600,13.7700,13.7800,13.7900,462,1033,673,1993,897,142,1327,5105,5089,2895
SZ,000001,2019-06-24 09:46:03,13.7600,18,399680.0000,290,B,13.7400,13.7300,13.7200,13.7100,13.7000,13.7600,13.7700,13.7800,13.7900,13.8000,479,1034,673,1993,897,1292,5105,5101,2895,3979
SZ,000001,2019-06-24 09:46:06,13.7500,10,105872.0000,77,S,13.7500,13.7400,13.7300,13.7200,13.7100,13.7600,13.7700,13.7800,13.7900,13.8000,423,545,1034,673,1963,1357,5105,5400,2895,3979
SZ,000001,2019-06-24 09:46:09,13.7600,2,129248.0000,94,B,13.7500,13.7400,13.7300,13.7200,13.7100,13.7600,13.7700,13.7800,13.7900,13.8000,373,523,1034,673,1963,1355,5105,5400,2860,3969
SZ,000001,2019-06-24 09:46:12,13.7600,14,966960.0000,703,B,13.7500,13.7400,13.7300,13.7200,13.7100,13.7600,13.7700,13.7800,13.7900,13.8000,83,499,1684,674,1966,1036,5105,5480,2860,3961
SZ,000001,2019-06-24 09:46:15,13.7500,13,137504.0000,100,S,13.7500,13.7400,13.7300,13.7200,13.7100,13.7600,13.7700,13.7800,13.7900,13.8000,82,463,1609,670,1966,1049,5105,5480,2860,3971
SZ,000001,2019-06-24 09:46:18,13.7600,10,284720.0000,207,B,13.7500,13.7400,13.7300,13.7200,13.7100,13.7600,13.7700,13.7800,13.7900,13.8000,350,463,1609,670,1966,1086,5105,5480,2933,3971
SZ,000001,2019-06-24 09:46:21,13.7500,5,191120.0000,139,S,13.7500,13.7400,13.7300,13.7200,13.7100,13.7600,13.7700,13.7800,13.7900,13.8000,436,583,1589,661,1966,1211,5105,5480,2933,3945
SZ,000001,2019-06-24 09:46:24,13.7600,48,1480544.0000,1076,B,13.7500,13.7400,13.7300,13.7200,13.7100,13.7600,13.7700,13.7800,13.7900,13.8000,445,583,1489,661,1966,273,5105,5480,2933,3499
SZ,000001,2019-06-24 09:46:27,13.7600,17,594432.0000,432,B,13.7500,13.7400,13.7300,13.7200,13.7100,13.7600,13.7700,13.7800,13.7900,13.8000,491,587,1489,661,1966,210,5105,5480,2933,3504
SZ,000001,2019-06-24 09:46:30,13.7600,16,550224.0000,400,B,13.7500,13.7400,13.7300,13.7200,13.7100,13.7600,13.7700,13.7800,13.7900,13.8000,489,587,1489,661,1966,744,5105,5480,2933,3503
SZ,000001,2019-06-24 09:46:33,13.7600,12,1325840.0000,964,B,13.7600,13.7500,13.7400,13.7300,13.7200,13.7700,13.7800,13.7900,13.8000,13.8100,171,516,587,1489,661,5095,5480,2933,3504,391
SZ,000001,2019-06-24 09:46:36,13.7600,26,2241664.0000,1628,S,13.7600,13.7500,13.7400,13.7300,13.7200,13.7700,13.7800,13.7900,13.8000,13.8100,823,587,587,1489,501,3660,5480,3101,3504,391
SZ,000001,2019-06-24 09:46:39,13.7600,6,720288.0000,523,S,13.7600,13.7500,13.7400,13.7300,13.7200,13.7700,13.7800,13.7900,13.8000,13.8100,818,500,517,1329,501,3450,5480,3101,3528,391
SZ,000001,2019-06-24 09:46:42,13.7600,13,410112.0000,298,S,13.7600,13.7500,13.7400,13.7300,13.7200,13.7700,13.7800,13.7900,13.8000,13.8100,785,496,517,1329,501,3385,5480,3101,3528,428
SZ,000001,2019-06-24 09:46:45,13.7600,14,1520096.0000,1104,S,13.7600,13.7500,13.7400,13.7300,13.7200,13.7700,13.7800,13.7900,13.8000,13.8100,696,496,517,1329,501,2544,5480,3101,3528,448
SZ,000001,2019-06-24 09:46:48,13.7700,8,282128.0000,205,B,13.7600,13.7500,13.7400,13.7300,13.7200,13.7700,13.7800,13.7900,13.8000,13.8100,644,501,517,1329,501,2508,5483,3101,3539,448
SZ,000001,2019-06-24 09:46:51,13.7700,12,637376.0000,463,B,13.7600,13.7500,13.7400,13.7300,13.7200,13.7700,13.7800,13.7900,13.8000,13.8100,3618,401,517,1320,501,2246,5536,3101,3618,448
SZ,000001,2019-06-24 09:46:54,13.7700,50,3751584.0000,2725,B,13.7600,13.7500,13.7400,13.7300,13.7200,13.7700,13.7800,13.7900,13.8000,13.8100,3417,335,517,1320,501,255,5536,3101,3593,448
SZ,000001,2019-06-24 09:46:57,13.7700,13,448896.0000,326,B,13.7700,13.7600,13.7500,13.7400,13.7300,13.7800,13.7900,13.8000,13.8100,13.8200,721,3461,258,417,1320,5540,3151,3593,448,2896
SZ,000001,2019-06-24 09:47:00,13.7700,10,414480.0000,301,S,13.7700,13.7600,13.7500,13.7400,13.7300,13.7800,13.7900,13.8000,13.8100,13.8200,777,3461,258,297,1320,5924,3151,3849,448,2896
SZ,000001,2019-06-24 09:47:03,13.7700,3,96416.0000,70,S,13.7700,13.7600,13.7500,13.7400,13.7300,13.7800,13.7900,13.8000,13.8100,13.8200,1349,3120,208,292,1320,5936,3151,3849,498,2896
SZ,000001,2019-06-24 09:47:06,13.7800,18,883280.0000,641,B,13.7700,13.7600,13.7500,13.7400,13.7300,13.7800,13.7900,13.8000,13.8100,13.8200,1494,3120,205,292,1320,5611,3151,3809,503,2948
SZ,000001,2019-06-24 09:47:09,13.7700,28,986256.0000,716,S,13.7700,13.7600,13.7500,13.7400,13.7300,13.7800,13.7900,13.8000,13.8100,13.8200,1186,3121,205,288,1320,5784,3154,3809,503,2948
SZ,000001,2019-06-24 09:47:12,13.7800,18,1405408.0000,1020,B,13.7700,13.7600,13.7500,13.7400,13.7300,13.7800,13.7900,13.8000,13.8100,13.8200,1245,3073,205,303,1320,4913,3107,3814,503,2968
SZ,000001,2019-06-24 09:47:15,13.7800,15,786720.0000,571,B,13.7700,13.7600,13.7500,13.7400,13.7300,13.7800,13.7900,13.8000,13.8100,13.8200,1243,3045,205,322,1320,4578,3127,3814,503,2968
SZ,000001,2019-06-24 09:47:18,13.7800,5,454736.0000,330,B,13.7700,13.7600,13.7500,13.7400,13.7300,13.7800,13.7900,13.8000,13.8100,13.8200,1382,3245,205,322,1320,4246,3129,3816,503,2968
SZ,000001,2019-06-24 09:47:21,13.7700,8,330688.0000,240,S,13.7700,13.7600,13.7500,13.7400,13.7300,13.7800,13.7900,13.8000,13.8100,13.8200,1447,3245,262,312,1320,4035,3229,3886,513,2988
SZ,000001,2019-06-24 09:47:24,13.7800,13,1223152.0000,888,B,13.7700,13.7600,13.7500,13.7400,13.7300,13.7800,13.7900,13.8000,13.8100,13.8200,1047,3180,262,312,1320,3688,3249,3886,513,2988
SZ,000001,2019-06-24 09:47:27,13.7800,35,1384128.0000,1005,B,13.7700,13.7600,13.7500,13.7400,13.7300,13.7800,13.7900,13.8000,13.8100,13.8200,303,3180,262,312,1320,3437,3249,3896,513,2988
SZ,000001,2019-06-24 09:47:30,13.7700,9,150160.0000,109,S,13.7700,13.7600,13.7500,13.7400,13.7300,13.7800,13.7900,13.8000,13.8100,13.8200,472,3196,412,312,1320,3402,3244,3896,513,2988
SZ,000001,2019-06-24 09:47:33,13.7700,15,462928.0000,336,S,13.7700,13.7600,13.7500,13.7400,13.7300,13.7800,13.7900,13.8000,13.8100,13.8200,420,3196,412,312,1318,3626,3244,3896,523,2988
SZ,000001,2019-06-24 09:47:36,13.7800,15,493248.0000,358,B,13.7700,13.7600,13.7500,13.7400,13.7300,13.7800,13.7900,13.8000,13.8100,13.8200,394,3196,407,352,1318,3632,3244,3901,524,2998
SZ,000001,2019-06-24 09:47:39,13.7800,20,633504.0000,460,B,13.7700,13.7600,13.7500,13.7400,13.7300,13.7800,13.7900,13.8000,13.8100,13.8200,1248,3196,407,352,1318,3527,3244,4001,2524,2998
SZ,000001,2019-06-24 09:47:42,13.7700,25,729936.0000,530,S,13.7700,13.7600,13.7500,13.7400,13.7300,13.7800,13.7900,13.8000,13.8100,13.8200,901,3390,407,352,1318,3396,3264,4001,2524,2998
SZ,000001,2019-06-24 09:47:45,13.7700,79,4693248.0000,3406,S,13.7700,13.7600,13.7500,13.7400,13.7300,13.7800,13.7900,13.8000,13.8100,13.8200,736,3390,395,352,1326,237,3264,4001,2524,2998
SZ,000001,2019-06-24 09:47:48,13.7700,13,140768.0000,102,S,13.7700,13.7600,13.7500,13.7400,13.7300,13.7800,13.7900,13.8000,13.8100,13.8200,720,3390,395,352,1326,766,3244,4008,2528,2988
SZ,000001,2019-06-24 09:47:51,13.7800,21,852912.0000,619,B,13.7700,13.7600,13.7500,13.7400,13.7300,13.7800,13.7900,13.8000,13.8100,13.8200,671,3390,401,352,1326,1429,3244,4008,2528,2988
SZ,000001,2019-06-24 09:47:54,13.7800,20,688864.0000,500,B,13.7700,13.7600,13.7500,13.7400,13.7300,13.7800,13.7900,13.8000,13.8100,13.8200,601,3390,401,352,1326,1222,3246,4029,2528,2988
SZ,000001,2019-06-24 09:47:57,13.7700,10,150112.0000,109,S,13.7700,13.7600,13.7500,13.7400,13.7300,13.7800,13.7900,13.8000,13.8100,13.8200,531,3390,420,352,1325,1483,3246,4040,2538,2988
SZ,000001,2019-06-24 09:48:00,13.7800,28,493248.0000,358,B,13.7700,13.7600,13.7500,13.7400,13.7300,13.7800,13.7900,13.8000,13.8100,13.8200,530,3390,420,352,1325,1977,3246,4040,2538,2988
SZ,000001,2019-06-24 09:48:03,13.7800,10,315424.0000,229,B,13.7700,13.7600,13.7500,13.7400,13.7300,13.7800,13.7900,13.8000,13.8100,13.8200,698,3390,510,362,1325,3268,4246,4050,2538,2988
SZ,000001,2019-06-24 09:48:06,13.7600,43,1665744.0000,1210,S,13.7600,13.7500,13.7400,13.7300,13.7200,13.7700,13.7800,13.7900,13.8000,13.8100,3204,510,362,1325,495,77,3366,4246,4030,2538
SZ,000001,2019-06-24 09:48:09,13.7600,19,1277632.0000,928,S,13.7600,13.7500,13.7400,13.7300,13.7200,13.7800,13.7900,13.8000,13.8100,13.8200,2982,510,362,1325,495,3445,4284,3824,2538,2998
SZ,000001,2019-06-24 09:48:12,13.7700,14,311200.0000,226,B,13.7600,13.7500,13.7400,13.7300,13.7200,13.7700,13.7800,13.7900,13.8000,13.8100,2978,510,362,1325,495,48,3428,4284,4043,2538
SZ,000001,2019-06-24 09:48:15,13.7700,15,1122800.0000,815,B,13.7700,13.7600,13.7500,13.7400,13.7300,13.7800,13.7900,13.8000,13.8100,13.8200,208,3045,510,367,1325,2809,4284,3824,2538,2998
SZ,000001,2019-06-24 09:48:18,13.7700,13,3000064.0000,2180,S,13.7600,13.7500,13.7400,13.7300,13.7200,13.7700,13.7800,13.7900,13.8000,13.8100,1235,510,367,1340,495,366,2942,4284,4043,2538
SZ,000001,2019-06-24 09:48:21,13.7600,23,1177344.0000,855,S,13.7600,13.7500,13.7400,13.7300,13.7200,13.7700,13.7800,13.7900,13.8000,13.8100,1275,512,367,1340,464,196,3849,4284,3824,2538
SZ,000001,2019-06-24 09:48:24,13.7600,3,528384.0000,384,S,13.7600,13.7500,13.7400,13.7300,13.7200,13.7700,13.7800,13.7900,13.8000,13.8100,894,516,367,2090,464,494,3827,4284,3854,2538
SZ,000001,2019-06-24 09:48:27,13.7600,4,59200.0000,43,S,13.7600,13.7500,13.7400,13.7300,13.7200,13.7700,13.7800,13.7900,13.8000,13.8100,886,516,367,2090,464,619,3864,4284,3921,2548
SZ,000001,2019-06-24 09:48:30,13.7600,16,389680.0000,283,S,13.7600,13.7500,13.7400,13.7300,13.7200,13.7700,13.7800,13.7900,13.8000,13.8100,871,516,367,2090,464,399,4169,4284,3921,2548
SZ,000001,2019-06-24 09:48:33,13.7600,8,38544.0000,28,S,13.7600,13.7500,13.7400,13.7300,13.7200,13.7700,13.7800,13.7900,13.8000,13.8100,870,516,367,2090,464,462,4181,4284,3940,2553
SZ,000001,2019-06-24 09:48:36,13.7600,36,1484736.0000,1079,S,13.7600,13.7500,13.7400,13.7300,13.7200,13.7700,13.7800,13.7900,13.8000,13.8100,89,516,367,2090,464,508,4187,4284,3945,2553
SZ,000001,2019-06-24 09:48:39,13.7600,7,96320.0000,70,S,13.7600,13.7500,13.7400,13.7300,13.7200,13.7700,13.7800,13.7900,13.8000,13.8100,177,516,366,2090,514,586,4187,4264,3945,2555
SZ,000001,2019-06-24 09:48:42,13.7600,36,1123408.0000,816,S,13.7600,13.7500,13.7400,13.7300,13.7200,13.7700,13.7800,13.7900,13.8000,13.8100,73,513,366,2090,514,297,4155,4264,3945,2555
SZ,000001,2019-06-24 09:48:45,13.7700,12,210608.0000,153,B,13.7600,13.7500,13.7400,13.7300,13.7200,13.7700,13.7800,13.7900,13.8000,13.8100,130,513,366,2090,504,570,4156,4264,3945,2555
SZ,000001,2019-06-24 09:48:48,13.7700,18,378656.0000,275,B,13.7600,13.7500,13.7400,13.7300,13.7200,13.7700,13.7800,13.7900,13.8000,13.8100,266,528,366,2090,504,336,4156,4264,3945,2555
SZ,000001,2019-06-24 09:48:51,13.7700,118,10032864.0000,7279,B,13.7700,13.7600,13.7500,13.7400,13.7300,13.7800,13.7900,13.8000,13.8100,13.8200,245,323,528,366,2090,3,1502,3945,2555,2999
SZ,000001,2019-06-24 09:48:54,13.7700,16,836064.0000,607,S,13.7600,13.7500,13.7400,13.7300,13.7200,13.7700,13.7800,13.7900,13.8000,13.8100,326,528,361,2090,504,65,511,1502,4181,2555
SZ,000001,2019-06-24 09:48:57,13.7600,17,243744.0000,177,S,13.7600,13.7500,13.7400,13.7300,13.7200,13.7700,13.7800,13.7900,13.8000,13.8100,325,528,361,2090,504,308,278,1517,3955,2555
SZ,000001,2019-06-24 09:49:00,13.7700,22,1037872.0000,754,B,13.7600,13.7500,13.7400,13.7300,13.7200,13.7700,13.7800,13.7900,13.8000,13.8100,329,528,361,2090,504,497,27,1527,3955,2555
SZ,000001,2019-06-24 09:49:03,13.7600,15,671968.0000,488,S,13.7600,13.7500,13.7400,13.7300,13.7200,13.7700,13.7800,13.7900,13.8000,13.8100,701,538,361,2090,504,111,38,1527,3955,2555
SZ,000001,2019-06-24 09:49:06,13.7700,53,307072.0000,223,B,13.7700,13.7600,13.7500,13.7400,13.7300,13.7800,13.7900,13.8000,13.8100,13.8200,21,1096,538,361,2090,79,1527,3955,2555,3013
SZ,000001,2019-06-24 09:49:09,13.7700,16,88128.0000,64,S,13.7700,13.7600,13.7500,13.7400,13.7300,13.7800,13.7900,13.8000,13.8100,13.8200,509,1107,538,361,2090,202,1527,4189,2555,3013
SZ,000001,2019-06-24 09:49:12,13.7800,2,19296.0000,14,B,13.7700,13.7600,13.7500,13.7400,13.7300,13.7800,13.7900,13.8000,13.8100,13.8200,715,1123,538,361,2090,203,1532,4189,2555,3013
SZ,000001,2019-06-24 09:49:15,13.7700,6,125312.0000,91,S,13.7700,13.7600,13.7500,13.7400,13.7300,13.7800,13.7900,13.8000,13.8100,13.8200,631,1123,538,361,2090,411,1526,4189,2555,3013
SZ,000001,2019-06-24 09:49:18,13.7800,17,384464.0000,279,B,13.7700,13.7600,13.7500,13.7400,13.7300,13.7800,13.7900,13.8000,13.8100,13.8200,668,1123,538,361,2090,193,1556,4190,2555,3013
SZ,000001,2019-06-24 09:49:21,13.7800,7,74400.0000,54,B,13.7700,13.7600,13.7500,13.7400,13.7300,13.7800,13.7900,13.8000,13.8100,13.8200,629,1130,538,361,2104,280,1556,4220,2555,3013
SZ,000001,2019-06-24 09:49:24,13.7800,28,647632.0000,470,B,13.7700,13.7600,13.7500,13.7400,13.7300,13.7800,13.7900,13.8000,13.8100,13.8200,803,1130,538,361,2104,72,1530,4220,2555,3013
SZ,000001,2019-06-24 09:49:27,13.7800,9,66144.0000,48,B,13.7700,13.7600,13.7500,13.7400,13.7300,13.7800,13.7900,13.8000,13.8100,13.8200,823,1042,523,461,2104,439,1531,4220,2555,3017
SZ,000001,2019-06-24 09:49:30,13.7700,23,749600.0000,544,S,13.7700,13.7600,13.7500,13.7400,13.7300,13.7800,13.7900,13.8000,13.8100,13.8200,795,1042,523,461,2104,25,1541,4220,2555,3017
SZ,000001,2019-06-24 09:49:33,13.7800,14,226016.0000,164,B,13.7800,13.7700,13.7600,13.7500,13.7400,13.7900,13.8000,13.8100,13.8200,13.8300,448,836,1042,523,461,1514,4220,2555,3017,604
SZ,000001,2019-06-24 09:49:36,13.7800,8,381904.0000,277,S,13.7800,13.7700,13.7600,13.7500,13.7400,13.7900,13.8000,13.8100,13.8200,13.8300,426,836,1042,523,461,1317,4220,2701,3017,604
SZ,000001,2019-06-24 09:49:39,13.7900,13,435744.0000,316,B,13.7800,13.7700,13.7600,13.7500,13.7400,13.7900,13.8000,13.8100,13.8200,13.8300,496,836,1042,529,461,1122,4230,2701,3017,604
SZ,000001,2019-06-24 09:49:42,13.7800,8,67536.0000,49,S,13.7800,13.7700,13.7600,13.7500,13.7400,13.7900,13.8000,13.8100,13.8200,13.8300,547,836,1042,524,471,1170,4275,2701,3017,604
SZ,000001,2019-06-24 09:49:45,13.7800,18,862656.0000,626,S,13.7700,13.7600,13.7500,13.7400,13.7300,13.7800,13.7900,13.8000,13.8100,13.8200,836,1042,524,452,2109,218,1145,4277,2701,3017
SZ,000001,2019-06-24 09:49:48,13.7800,4,119840.0000,87,B,13.7700,13.7600,13.7500,13.7400,13.7300,13.7800,13.7900,13.8000,13.8100,13.8200,929,1042,518,452,2109,414,1159,4277,2555,3017
SZ,000001,2019-06-24 09:49:51,13.7800,14,846080.0000,614,B,13.7700,13.7600,13.7500,13.7400,13.7300,13.7800,13.7900,13.8000,13.8100,13.8200,928,1042,418,452,2109,119,1308,4277,2555,2967
SZ,000001,2019-06-24 09:49:54,13.7800,8,181856.0000,132,B,13.7700,13.7600,13.7500,13.7400,13.7300,13.7800,13.7900,13.8000,13.8100,13.8200,903,1042,418,452,2109,60,1308,4277,2558,2967
SZ,000001,2019-06-24 09:49:57,13.7900,16,600832.0000,436,B,13.7800,13.7700,13.7600,13.7500,13.7400,13.7900,13.8000,13.8100,13.8200,13.8300,14,767,1072,418,452,1124,4257,2558,2967,604
SZ,000001,2019-06-24 09:50:00,13.7900,9,321216.0000,233,B,13.7800,13.7700,13.7600,13.7500,13.7400,13.7900,13.8000,13.8100,13.8200,13.8300,10,739,1072,418,452,1333,4257,2704,2967,604
SZ,000001,2019-06-24 09:50:03,13.7900,23,1154208.0000,837,B,13.7800,13.7700,13.7600,13.7500,13.7400,13.7900,13.8000,13.8100,13.8200,13.8300,304,822,1092,418,452,791,4257,2704,2967,604
SZ,000001,2019-06-24 09:50:06,13.7900,135,7034304.0000,5098,B,13.7800,13.7700,13.7600,13.7500,13.7400,13.7900,13.8000,13.8100,13.8200,13.8300,294,825,1092,421,452,33,63,2699,2967,604
SZ,000001,2019-06-24 09:50:09,13.7800,21,661888.0000,480,S,13.7900,13.7800,13.7700,13.7600,13.7500,13.8000,13.8100,13.8200,13.8300,13.8400,33,1403,826,1092,421,63,2694,2967,604,2385
SZ,000001,2019-06-24 09:50:12,13.8000,9,92416.0000,67,B,13.7900,13.7800,13.7700,13.7600,13.7500,13.8000,13.8100,13.8200,13.8300,13.8400,113,1700,793,1092,421,160,2698,3137,604,2385
SZ,000001,2019-06-24 09:50:15,13.8000,7,84128.0000,61,B,13.7900,13.7800,13.7700,13.7600,13.7500,13.8000,13.8100,13.8200,13.8300,13.8400,96,1730,793,1092,421,298,2698,3137,584,2385
SZ,000001,2019-06-24 09:50:18,13.8000,9,158592.0000,115,B,13.7900,13.7800,13.7700,13.7600,13.7500,13.8000,13.8100,13.8200,13.8300,13.8400,20,1730,793,1089,421,574,2699,3136,584,2385
SZ,000001,2019-06-24 09:50:21,13.7900,20,636096.0000,461,S,13.7800,13.7700,13.7600,13.7500,13.7400,13.7900,13.8000,13.8100,13.8200,13.8300,1713,793,1089,364,452,1,177,2699,3136,584
SZ,000001,2019-06-24 09:50:24,13.8000,23,601504.0000,436,B,13.7800,13.7700,13.7600,13.7500,13.7400,13.8000,13.8100,13.8200,13.8300,13.8400,1789,657,1089,364,452,99,2699,2969,584,2390
SZ,000001,2019-06-24 09:50:27,13.8000,10,160096.0000,116,B,13.7900,13.7800,13.7700,13.7600,13.7500,13.8000,13.8100,13.8200,13.8300,13.8400,109,1819,657,1089,364,49,2700,3140,555,2395
SZ,000001,2019-06-24 09:50:30,13.8000,17,288256.0000,209,B,13.7900,13.7800,13.7700,13.7600,13.7500,13.8000,13.8100,13.8200,13.8300,13.8400,406,1819,641,1042,318,79,2700,3140,555,2395
SZ,000001,2019-06-24 09:50:33,13.7900,6,393056.0000,285,S,13.7900,13.7800,13.7700,13.7600,13.7500,13.8000,13.8100,13.8200,13.8300,13.8400,176,1819,641,1099,323,110,2730,3155,555,2395
SZ,000001,2019-06-24 09:50:36,13.8000,29,426592.0000,309,B,13.8000,13.7900,13.7800,13.7700,13.7600,13.8100,13.8200,13.8300,13.8400,13.8500,96,313,1519,641,1099,2542,3165,555,2375,2380
SZ,000001,2019-06-24 09:50:39,13.8000,16,462560.0000,335,S,13.8000,13.7900,13.7800,13.7700,13.7600,13.8100,13.8200,13.8300,13.8400,13.8500,517,314,1519,641,1099,2479,3165,556,2385,2390
SZ,000001,2019-06-24 09:50:42,13.8000,11,263584.0000,191,S,13.8000,13.7900,13.7800,13.7700,13.7600,13.8100,13.8200,13.8300,13.8400,13.8500,333,314,1521,635,1042,2616,3165,558,2395,2390
SZ,000001,2019-06-24 09:50:45,13.8000,9,313472.0000,227,S,13.8000,13.7900,13.7800,13.7700,13.7600,13.8100,13.8200,13.8300,13.8400,13.8500,454,342,1496,635,1042,2411,3156,558,2395,2390
SZ,000001,2019-06-24 09:50:48,13.8100,5,82816.0000,60,B,13.8000,13.7900,13.7800,13.7700,13.7600,13.8100,13.8200,13.8300,13.8400,13.8500,426,342,1620,635,1042,2391,3156,578,2395,2410
SZ,000001,2019-06-24 09:50:51,13.8000,12,893440.0000,647,S,13.8000,13.7900,13.7800,13.7700,13.7600,13.8100,13.8200,13.8300,13.8400,13.8500,401,364,1520,635,1035,1871,3156,728,2395,2410
SZ,000001,2019-06-24 09:50:54,13.8100,18,1981696.0000,1435,B,13.8000,13.7900,13.7800,13.7700,13.7600,13.8100,13.8200,13.8300,13.8400,13.8500,462,228,1582,416,1035,497,3156,733,2399,2411
SZ,000001,2019-06-24 09:50:57,13.8100,44,1169312.0000,847,B,13.8000,13.7900,13.7800,13.7700,13.7600,13.8100,13.8200,13.8300,13.8400,13.8500,136,228,1582,415,1035,258,3176,733,2399,2409
SZ,000001,2019-06-24 09:51:00,13.8100,25,783232.0000,567,B,13.8100,13.8000,13.7900,13.7800,13.7700,13.8200,13.8300,13.8400,13.8500,13.8600,758,118,233,1582,243,2961,733,2400,2409,1942
SZ,000001,2019-06-24 09:51:03,13.8100,10,298304.0000,216,S,13.8100,13.8000,13.7900,13.7800,13.7700,13.8200,13.8300,13.8400,13.8500,13.8600,957,213,233,1603,243,3022,733,2404,2447,1892
SZ,000001,2019-06-24 09:51:06,13.8100,9,2020224.0000,1462,S,13.8100,13.8000,13.7900,13.7800,13.7700,13.8200,13.8300,13.8400,13.8500,13.8600,769,326,233,1603,243,1981,748,2459,2449,1892
SZ,000001,2019-06-24 09:51:09,13.8100,8,473952.0000,343,S,13.8100,13.8000,13.7900,13.7800,13.7700,13.8200,13.8300,13.8400,13.8500,13.8600,2605,547,233,1608,243,1696,748,2600,2449,1892
SZ,000001,2019-06-24 09:51:12,13.8200,9,1111104.0000,804,B,13.8100,13.8000,13.7900,13.7800,13.7700,13.8200,13.8300,13.8400,13.8500,13.8600,2644,547,233,1578,243,950,748,2600,2469,1892
SZ,000001,2019-06-24 09:51:15,13.8200,59,1795520.0000,1299,B,13.8200,13.8100,13.8000,13.7900,13.7800,13.8300,13.8400,13.8500,13.8600,13.8700,1535,2645,647,233,1578,429,2600,2475,1892,1536
SZ,000001,2019-06-24 09:51:18,13.8300,29,739904.0000,535,B,13.8200,13.8100,13.8000,13.7900,13.7800,13.8300,13.8400,13.8500,13.8600,13.8700,1521,2643,647,233,1578,1698,2600,2475,1928,1536
SZ,000001,2019-06-24 09:51:21,13.8300,14,1045536.0000,756,B,13.8200,13.8100,13.8000,13.7900,13.7800,13.8300,13.8400,13.8500,13.8600,13.8700,1581,2653,627,233,1571,1994,2459,2475,1928,1536
SZ,000001,2019-06-24 09:51:24,13.8300,14,1906624.0000,1379,B,13.8200,13.8100,13.8000,13.7900,13.7800,13.8300,13.8400,13.8500,13.8600,13.8700,1194,2585,668,233,1516,1510,2484,2480,2146,1536
SZ,000001,2019-06-24 09:51:27,13.8200,7,105088.0000,76,S,13.8200,13.8100,13.8000,13.7900,13.7800,13.8300,13.8400,13.8500,13.8600,13.8700,832,2605,658,233,1516,1526,2484,2480,2146,1536
SZ,000001,2019-06-24 09:51:30,13.8200,15,1333088.0000,964,S,13.8200,13.8100,13.8000,13.7900,13.7800,13.8300,13.8400,13.8500,13.8600,13.8700,814,2605,661,233,1516,783,2474,2535,2148,1536
SZ,000001,2019-06-24 09:51:33,13.8300,11,330464.0000,239,B,13.8200,13.8100,13.8000,13.7900,13.7800,13.8300,13.8400,13.8500,13.8600,13.8700,746,2605,661,233,1515,891,2474,2567,2148,1536
SZ,000001,2019-06-24 09:51:36,13.8200,29,1011872.0000,732,S,13.8200,13.8100,13.8000,13.7900,13.7800,13.8300,13.8400,13.8500,13.8600,13.8700,354,2572,628,233,1515,663,2474,2569,2148,1536
SZ,000001,2019-06-24 09:51:39,13.8200,54,1921568.0000,1390,S,13.8100,13.8000,13.7900,13.7800,13.7700,13.8200,13.8300,13.8400,13.8500,13.8600,2547,628,221,1515,249,90,266,2480,2569,2148
SZ,000001,2019-06-24 09:51:42,13.8100,39,1172640.0000,849,S,13.8100,13.8000,13.7900,13.7800,13.7700,13.8200,13.8300,13.8400,13.8500,13.8600,1874,651,221,1391,249,737,794,2500,2475,2148
SZ,000001,2019-06-24 09:51:45,13.8300,50,2997920.0000,2169,B,13.8200,13.8100,13.8000,13.7900,13.7800,13.8300,13.8400,13.8500,13.8600,13.8700,59,99,1470,221,1391,86,2501,2475,2148,1536
SZ,000001,2019-06-24 09:51:48,13.8200,38,529216.0000,383,S,13.8100,13.8000,13.7900,13.7800,13.7700,13.8200,13.8300,13.8400,13.8500,13.8600,24,1474,221,1391,249,755,380,2501,2477,2148
SZ,000001,2019-06-24 09:51:51,13.8100,26,639744.0000,463,S,13.8000,13.7900,13.7800,13.7700,13.7600,13.8100,13.8200,13.8300,13.8400,13.8500,1456,221,1391,249,1037,21,132,835,2501,2477
SZ,000001,2019-06-24 09:51:54,13.8200,9,298336.0000,216,B,13.8000,13.7900,13.7800,13.7700,13.7600,13.8100,13.8200,13.8300,13.8400,13.8500,1475,219,1391,249,1037,54,209,879,2501,2477
SZ,000001,2019-06-24 09:51:57,13.8200,41,1035168.0000,749,B,13.8000,13.7900,13.7800,13.7700,13.7600,13.8100,13.8300,13.8400,13.8500,13.8600,1408,219,1391,249,1037,96,586,2504,2578,2148
SZ,000001,2019-06-24 09:52:00,13.8100,9,410176.0000,297,S,13.8100,13.8000,13.7900,13.7800,13.7700,13.8200,13.8300,13.8400,13.8500,13.8600,560,1419,219,1393,246,11,736,2504,2578,2148
SZ,000001,2019-06-24 09:52:03,13.8100,23,831392.0000,602,S,13.8100,13.8000,13.7900,13.7800,13.7700,13.8200,13.8300,13.8400,13.8500,13.8600,99,1381,219,1393,246,30,757,2504,2587,2148
SZ,000001,2019-06-24 09:52:06,13.8200,12,136736.0000,99,B,13.8100,13.8000,13.7900,13.7800,13.7700,13.8200,13.8300,13.8400,13.8500,13.8600,72,2133,219,1393,246,198,1068,2504,2557,2148
SZ,000001,2019-06-24 09:52:09,13.8200,37,1792864.0000,1299,B,13.8100,13.8000,13.7900,13.7800,13.7700,13.8200,13.8300,13.8400,13.8500,13.8600,28,1020,216,1393,246,161,1543,2504,2567,2148
SZ,000001,2019-06-24 09:52:12,13.8000,14,447264.0000,324,S,13.8000,13.7900,13.7800,13.7700,13.7600,13.8100,13.8200,13.8300,13.8400,13.8500,814,216,1393,246,1049,1242,134,2215,2504,2574
SZ,000001,2019-06-24 09:52:15,13.8100,10,64896.0000,47,B,13.8000,13.7900,13.7800,13.7700,13.7600,13.8100,13.8200,13.8300,13.8400,13.8500,809,216,1393,246,1049,1725,2281,2275,2504,2574
SZ,000001,2019-06-24 09:52:18,13.8100,10,868448.0000,629,B,13.8000,13.7900,13.7800,13.7700,13.7600,13.8100,13.8200,13.8300,13.8400,13.8500,648,236,1393,239,1049,1453,3218,2275,2504,3575
SZ,000001,2019-06-24 09:52:21,13.8100,7,99424.0000,72,B,13.8000,13.7900,13.7800,13.7700,13.7600,13.8100,13.8200,13.8300,13.8400,13.8500,713,786,1393,239,1049,1392,3265,2275,2505,3575
SZ,000001,2019-06-24 09:52:24,13.8100,15,1850240.0000,1340,B,13.8000,13.7900,13.7800,13.7700,13.7600,13.8100,13.8200,13.8300,13.8400,13.8500,430,786,1393,239,1049,115,3270,2335,2519,3575
SZ,000001,2019-06-24 09:52:27,13.8000,38,1254624.0000,909,S,13.7900,13.7800,13.7700,13.7600,13.7500,13.8000,13.8100,13.8200,13.8300,13.8400,1686,1393,259,1049,367,4332,199,3278,2340,2519
SZ,000001,2019-06-24 09:52:30,13.7900,11,258048.0000,187,S,13.7900,13.7800,13.7700,13.7600,13.7500,13.8000,13.8100,13.8200,13.8300,13.8400,1664,1393,259,1049,367,4908,187,3328,2340,2519
SZ,000001,2019-06-24 09:52:33,13.8000,3,53792.0000,39,B,13.7900,13.7800,13.7700,13.7600,13.7500,13.8000,13.8100,13.8200,13.8300,13.8400,1657,1393,259,1049,367,4980,256,3328,2340,2519
SZ,000001,2019-06-24 09:52:36,13.7900,18,2449120.0000,1776,S,13.7800,13.7700,13.7600,13.7500,13.7400,13.7900,13.8000,13.8100,13.8200,13.8300,1385,259,1049,367,418,3292,5080,296,3338,2360
SZ,000001,2019-06-24 09:52:39,13.7800,12,219136.0000,159,S,13.7800,13.7700,13.7600,13.7500,13.7400,13.7900,13.8000,13.8100,13.8200,13.8300,1557,259,1049,367,418,3541,5169,296,3334,2360
SZ,000001,2019-06-24 09:52:42,13.7800,16,151584.0000,110,S,13.7800,13.7700,13.7600,13.7500,13.7400,13.7900,13.8000,13.8100,13.8200,13.8300,2474,259,1049,367,418,3874,4809,296,3334,2360
SZ,000001,2019-06-24 09:52:45,13.7800,8,336448.0000,244,S,13.7800,13.7700,13.7600,13.7500,13.7400,13.7900,13.8000,13.8100,13.8200,13.8300,2432,259,1049,367,418,3796,4683,314,3210,2362
SZ,000001,2019-06-24 09:52:48,13.7900,4,201216.0000,146,B,13.7800,13.7700,13.7600,13.7500,13.7400,13.7900,13.8000,13.8100,13.8200,13.8300,2352,259,1049,367,418,3937,4689,324,3228,2362
SZ,000001,2019-06-24 09:52:51,13.7900,8,256320.0000,186,B,13.7800,13.7700,13.7600,13.7500,13.7400,13.7900,13.8000,13.8100,13.8200,13.8300,2181,255,1049,367,418,3940,4709,322,3228,2382
SZ,000001,2019-06-24 09:52:54,13.7800,11,267424.0000,194,S,13.7800,13.7700,13.7600,13.7500,13.7400,13.7900,13.8000,13.8100,13.8200,13.8300,2089,255,1049,369,418,3905,4709,304,1215,2377
SZ,000001,2019-06-24 09:52:57,13.7900,8,933536.0000,677,B,13.7800,13.7700,13.7600,13.7500,13.7400,13.7900,13.8000,13.8100,13.8200,13.8300,2058,255,1049,379,418,3286,4631,334,1222,2389
SZ,000001,2019-06-24 09:53:00,13.7800,32,2966880.0000,2153,S,13.7700,13.7600,13.7500,13.7400,13.7300,13.7800,13.7900,13.8000,13.8100,13.8200,255,1049,379,418,802,648,3220,4631,334,1222
SZ,000001,2019-06-24 09:53:03,13.7800,4,250784.0000,182,B,13.7700,13.7600,13.7500,13.7400,13.7300,13.7800,13.7900,13.8000,13.8100,13.8200,426,1049,379,418,819,349,3224,4601,294,1222
SZ,000001,2019-06-24 09:53:06,13.7700,8,62016.0000,45,S,13.7700,13.7600,13.7500,13.7400,13.7300,13.7800,13.7900,13.8000,13.8100,13.8200,406,1059,379,418,819,820,3037,4581,294,1298
SZ,000001,2019-06-24 09:53:09,13.7700,16,187296.0000,136,S,13.7700,13.7600,13.7500,13.7400,13.7300,13.7800,13.7900,13.8000,13.8100,13.8200,2184,1059,379,418,819,1241,2750,4582,294,1298
SZ,000001,2019-06-24 09:53:12,13.7800,17,232800.0000,169,B,13.7700,13.7600,13.7500,13.7400,13.7300,13.7800,13.7900,13.8000,13.8100,13.8200,2133,1059,379,418,814,971,2790,4582,296,1298
SZ,000001,2019-06-24 09:53:15,13.7800,14,1055424.0000,766,B,13.7700,13.7600,13.7500,13.7400,13.7300,13.7800,13.7900,13.8000,13.8100,13.8200,2048,1059,374,418,814,343,2790,4609,296,1298
SZ,000001,2019-06-24 09:53:18,13.7700,15,387040.0000,281,S,13.7700,13.7600,13.7500,13.7400,13.7300,13.7800,13.7900,13.8000,13.8100,13.8200,1909,1079,374,418,814,671,2790,4611,296,1275
SZ,000001,2019-06-24 09:53:21,13.7800,16,500096.0000,363,B,13.7700,13.7600,13.7500,13.7400,13.7300,13.7800,13.7900,13.8000,13.8100,13.8200,1823,1079,374,418,814,455,2789,4612,296,1279
SZ,000001,2019-06-24 09:53:24,13.7700,10,1440384.0000,1046,S,13.7700,13.7600,13.7500,13.7400,13.7300,13.7800,13.7900,13.8000,13.8100,13.8200,830,1090,374,418,814,630,2567,4612,296,1299
SZ,000001,2019-06-24 09:53:27,13.7700,13,408992.0000,297,S,13.7700,13.7600,13.7500,13.7400,13.7300,13.7800,13.7900,13.8000,13.8100,13.8200,625,1090,456,418,814,788,2567,4612,296,1299
SZ,000001,2019-06-24 09:53:30,13.7800,28,1694272.0000,1230,B,13.7600,13.7500,13.7400,13.7300,13.7200,13.7800,13.7900,13.8000,13.8100,13.8200,1090,456,418,814,301,417,2527,4612,296,1299
SZ,000001,2019-06-24 09:53:33,13.7700,10,173504.0000,126,S,13.7600,13.7500,13.7400,13.7300,13.7200,13.7700,13.7800,13.7900,13.8000,13.8100,1095,461,418,814,301,1,779,2527,4618,295
SZ,000001,2019-06-24 09:53:36,13.7700,10,200896.0000,146,B,13.7600,13.7500,13.7400,13.7300,13.7200,13.7700,13.7800,13.7900,13.8000,13.8100,954,452,418,814,301,91,423,2527,4620,295
SZ,000001,2019-06-24 09:53:39,13.7700,9,280736.0000,204,B,13.7600,13.7500,13.7400,13.7300,13.7200,13.7700,13.7800,13.7900,13.8000,13.8100,781,455,418,814,301,445,422,2527,4624,295
SZ,000001,2019-06-24 09:53:42,13.7600,7,847616.0000,616,S,13.7600,13.7500,13.7400,13.7300,13.7200,13.7700,13.7800,13.7900,13.8000,13.8100,212,455,418,814,306,449,422,2527,4627,295
SZ,000001,2019-06-24 09:53:45,13.7600,8,45440.0000,33,S,13.7600,13.7500,13.7400,13.7300,13.7200,13.7700,13.7800,13.7900,13.8000,13.8100,527,455,423,797,306,425,432,2527,4627,295
SZ,000001,2019-06-24 09:53:48,13.7600,18,269760.0000,196,S,13.7600,13.7500,13.7400,13.7300,13.7200,13.7700,13.7800,13.7900,13.8000,13.8100,413,455,423,797,306,874,457,2527,4636,295
SZ,000001,2019-06-24 09:53:51,13.7600,30,1219872.0000,886,S,13.7600,13.7500,13.7400,13.7300,13.7200,13.7700,13.7800,13.7900,13.8000,13.8100,313,530,423,790,306,127,457,2527,4646,295
SZ,000001,2019-06-24 09:53:54,13.7600,7,149984.0000,109,S,13.7600,13.7500,13.7400,13.7300,13.7200,13.7700,13.7800,13.7900,13.8000,13.8100,217,530,423,790,306,462,463,2527,4648,295
SZ,000001,2019-06-24 09:53:57,13.7700,9,481920.0000,350,B,13.7600,13.7500,13.7400,13.7300,13.7200,13.7700,13.7800,13.7900,13.8000,13.8100,222,530,423,790,306,162,462,2527,513,295
SZ,000001,2019-06-24 09:54:00,13.7600,14,279424.0000,203,S,13.7600,13.7500,13.7400,13.7300,13.7200,13.7700,13.7800,13.7900,13.8000,13.8100,109,530,423,790,306,82,512,2527,519,295
SZ,000001,2019-06-24 09:54:03,13.7600,22,399008.0000,290,S,13.7500,13.7400,13.7300,13.7200,13.7100,13.7600,13.7700,13.7800,13.7900,13.8000,522,423,790,306,1433,15,84,513,376,544
SZ,000001,2019-06-24 09:54:06,13.7600,16,435904.0000,317,B,13.7500,13.7400,13.7300,13.7200,13.7100,13.7600,13.7700,13.7800,13.7900,13.8000,270,423,790,306,1433,97,35,236,376,564
SZ,000001,2019-06-24 09:54:09,13.7700,15,271200.0000,197,B,13.7700,13.7600,13.7500,13.7400,13.7300,13.7800,13.7900,13.8000,13.8100,13.8200,75,47,290,423,790,216,377,564,299,1324
SZ,000001,2019-06-24 09:54:12,13.7600,9,121152.0000,88,S,13.7600,13.7500,13.7400,13.7300,13.7200,13.7700,13.7800,13.7900,13.8000,13.8100,52,290,427,790,326,3,222,377,564,299
SZ,000001,2019-06-24 09:54:15,13.7700,7,144480.0000,105,B,13.7600,13.7500,13.7400,13.7300,13.7200,13.7700,13.7800,13.7900,13.8000,13.8100,54,300,412,790,326,33,220,377,564,301
SZ,000001,2019-06-24 09:54:18,13.7900,50,938592.0000,681,B,13.7500,13.7400,13.7300,13.7200,13.7100,13.7600,13.7900,13.8000,13.8100,13.8200,431,422,791,326,1433,5,16,564,301,1315
SZ,000001,2019-06-24 09:54:21,13.7700,5,122560.0000,89,B,13.7700,13.7600,13.7500,13.7400,13.7300,13.7900,13.8000,13.8100,13.8200,13.8300,180,715,478,422,791,16,574,301,1315,1766
SZ,000001,2019-06-24 09:54:24,13.7700,4,30304.0000,22,S,13.7700,13.7600,13.7500,13.7400,13.7300,13.7900,13.8000,13.8100,13.8200,13.8300,195,725,334,422,791,191,674,301,1315,1776
SZ,000001,2019-06-24 09:54:27,13.7900,5,30336.0000,22,B,13.7700,13.7600,13.7500,13.7400,13.7300,13.7900,13.8000,13.8100,13.8200,13.8300,445,548,334,422,826,972,684,306,1315,1776
SZ,000001,2019-06-24 09:54:30,13.7700,7,275392.0000,200,S,13.7700,13.7600,13.7500,13.7400,13.7300,13.7900,13.8000,13.8100,13.8200,13.8300,758,548,334,422,826,1063,684,306,1315,1776
SZ,000001,2019-06-24 09:54:33,13.7800,3,11008.0000,8,B,13.7700,13.7600,13.7500,13.7400,13.7300,13.7800,13.7900,13.8000,13.8100,13.8200,759,548,334,422,826,3,1063,684,326,1305
SZ,000001,2019-06-24 09:54:36,13.7700,4,55104.0000,40,S,13.7700,13.7600,13.7500,13.7400,13.7300,13.7800,13.7900,13.8000,13.8100,13.8200,762,548,336,422,826,1,1030,684,326,1305
SZ,000001,2019-06-24 09:54:39,13.7900,9,461536.0000,335,B,13.7800,13.7700,13.7600,13.7500,13.7400,13.7900,13.8000,13.8100,13.8200,13.8300,31,595,548,336,422,917,699,326,1305,1767
SZ,000001,2019-06-24 09:54:42,13.7700,9,95072.0000,69,S,13.7700,13.7600,13.7500,13.7400,13.7300,13.7900,13.8000,13.8100,13.8200,13.8300,665,598,336,422,806,995,699,326,1305,1767
SZ,000001,2019-06-24 09:54:45,13.7700,4,33056.0000,24,S,13.7700,13.7600,13.7500,13.7400,13.7300,13.7800,13.7900,13.8000,13.8100,13.8200,654,594,386,441,806,141,1000,699,326,1305
SZ,000001,2019-06-24 09:54:48,13.7800,1,5536.0000,4,B,13.7700,13.7600,13.7500,13.7400,13.7300,13.7800,13.7900,13.8000,13.8100,13.8200,2319,594,386,441,806,525,914,700,326,1305
SZ,000001,2019-06-24 09:54:51,13.7800,5,459936.0000,334,B,13.7700,13.7600,13.7500,13.7400,13.7300,13.7800,13.7900,13.8000,13.8100,13.8200,2034,663,388,431,806,244,1012,700,326,1305
SZ,000001,2019-06-24 09:54:54,13.7700,2,4128.0000,3,S,13.7700,13.7600,13.7500,13.7400,13.7300,13.7800,13.7900,13.8000,13.8100,13.8200,2087,663,388,431,806,282,1012,700,426,1305
SZ,000001,2019-06-24 09:54:57,13.7800,5,59232.0000,43,B,13.7700,13.7600,13.7500,13.7400,13.7300,13.7800,13.7900,13.8000,13.8100,13.8200,2097,668,398,412,806,262,1012,1300,427,1306
SZ,000001,2019-06-24 09:55:00,13.7800,3,63392.0000,46,B,13.7700,13.7600,13.7500,13.7400,13.7300,13.7800,13.7900,13.8000,13.8100,13.8200,2097,668,398,412,806,216,1022,1300,537,1306
SZ,000001,2019-06-24 09:55:03,13.7800,10,280928.0000,204,B,13.7700,13.7600,13.7500,13.7400,13.7300,13.7800,13.7900,13.8000,13.8100,13.8200,1941,668,417,412,806,203,1022,1302,537,1306
SZ,000001,2019-06-24 09:55:06,13.7800,4,31680.0000,23,B,13.7700,13.7600,13.7500,13.7400,13.7300,13.7800,13.7900,13.8000,13.8100,13.8200,1942,668,370,411,806,198,1038,1307,537,1306
SZ,000001,2019-06-24 09:55:09,13.7900,22,377600.0000,274,B,13.7800,13.7700,13.7600,13.7500,13.7400,13.7900,13.8000,13.8100,13.8200,13.8300,292,2065,668,370,411,1021,1307,537,1306,1818
SZ,000001,2019-06-24 09:55:12,13.7900,7,144736.0000,105,B,13.7800,13.7700,13.7600,13.7500,13.7400,13.7900,13.8000,13.8100,13.8200,13.8300,261,2062,668,370,411,1018,1307,537,1308,1818
SZ,000001,2019-06-24 09:55:15,13.7900,2,12416.0000,9,B,13.7800,13.7700,13.7600,13.7500,13.7400,13.7900,13.8000,13.8100,13.8200,13.8300,322,2062,668,370,411,1260,1337,537,1308,1818
SZ,000001,2019-06-24 09:55:18,13.7900,1,4128.0000,3,B,13.7800,13.7700,13.7600,13.7500,13.7400,13.7900,13.8000,13.8100,13.8200,13.8300,359,2054,668,375,421,1266,1337,537,1308,1818
SZ,000001,2019-06-24 09:55:21,13.7900,1,97888.0000,71,B,13.7800,13.7700,13.7600,13.7500,13.7400,13.7900,13.8000,13.8100,13.8200,13.8300,869,2045,668,375,421,1203,1337,537,1308,1818
SZ,000001,2019-06-24 09:55:24,13.7900,7,849472.0000,616,B,13.7800,13.7700,13.7600,13.7500,13.7400,13.7900,13.8000,13.8100,13.8200,13.8300,959,1992,668,375,421,765,1337,537,1308,1798
SZ,000001,2019-06-24 09:55:27,13.7800,3,31712.0000,23,S,13.7800,13.7700,13.7600,13.7500,13.7400,13.7900,13.8000,13.8100,13.8200,13.8300,967,1992,668,375,422,764,1347,537,1308,1798
SZ,000001,2019-06-24 09:55:30,13.7800,6,68928.0000,50,S,13.7800,13.7700,13.7600,13.7500,13.7400,13.7900,13.8000,13.8100,13.8200,13.8300,1083,1914,668,378,422,853,1347,537,1308,1808
SZ,000001,2019-06-24 09:55:33,13.7800,2,56480.0000,41,S,13.7800,13.7700,13.7600,13.7500,13.7400,13.7900,13.8000,13.8100,13.8200,13.8300,1070,1914,673,378,422,857,1347,537,1311,1813
SZ,000001,2019-06-24 09:55:36,13.7800,17,416448.0000,302,S,13.7800,13.7700,13.7600,13.7500,13.7400,13.7900,13.8000,13.8100,13.8200,13.8300,1133,1914,673,403,422,638,1318,537,1311,1813
SZ,000001,2019-06-24 09:55:39,13.7900,14,311584.0000,226,B,13.7800,13.7700,13.7600,13.7500,13.7400,13.7900,13.8000,13.8100,13.8200,13.8300,1183,1914,678,403,422,352,1218,537,1311,1813
SZ,000001,2019-06-24 09:55:42,13.7800,26,627232.0000,455,S,13.7800,13.7700,13.7600,13.7500,13.7400,13.7900,13.8000,13.8100,13.8200,13.8300,1020,1921,678,403,421,288,1218,537,1311,1818
SZ,000001,2019-06-24 09:55:45,13.7900,7,402656.0000,292,B,13.7900,13.7800,13.7700,13.7600,13.7500,13.8000,13.8100,13.8200,13.8300,13.8400,476,1005,1931,678,403,1225,537,1311,1818,2565
SZ,000001,2019-06-24 09:55:48,13.7800,18,1053312.0000,764,S,13.7800,13.7700,13.7600,13.7500,13.7400,13.8000,13.8100,13.8200,13.8300,13.8400,743,1931,678,403,421,1425,537,1311,1818,2565
SZ,000001,2019-06-24 09:55:51,13.7800,3,42720.0000,31,S,13.7800,13.7700,13.7600,13.7500,13.7400,13.8000,13.8100,13.8200,13.8300,13.8400,722,1931,678,402,421,1485,537,1311,1818,2565
SZ,000001,2019-06-24 09:55:54,13.7800,4,155712.0000,113,S,13.7800,13.7700,13.7600,13.7500,13.7400,13.7900,13.8000,13.8100,13.8200,13.8300,646,1931,678,404,421,27,1617,537,1323,1818
SZ,000001,2019-06-24 09:55:57,13.7800,9,397344.0000,288,S,13.7800,13.7700,13.7600,13.7500,13.7400,13.7900,13.8000,13.8100,13.8200,13.8300,683,1931,678,404,421,13,1384,537,1323,1818
SZ,000001,2019-06-24 09:56:00,13.7800,43,773792.0000,561,S,13.7800,13.7700,13.7600,13.7500,13.7400,13.8000,13.8100,13.8200,13.8300,13.8400,482,1931,678,404,421,1046,537,1323,1818,2565
SZ,000001,2019-06-24 09:56:03,13.7900,5,176512.0000,128,B,13.7900,13.7800,13.7700,13.7600,13.7500,13.8000,13.8100,13.8200,13.8300,13.8400,36,502,1931,678,404,1059,537,1335,1818,2566
SZ,000001,2019-06-24 09:56:06,13.7900,4,75872.0000,55,S,13.7900,13.7800,13.7700,13.7600,13.7500,13.8000,13.8100,13.8200,13.8300,13.8400,43,502,1931,758,407,1019,537,1334,1818,2566
SZ,000001,2019-06-24 09:56:09,13.8000,9,153088.0000,111,B,13.7900,13.7800,13.7700,13.7600,13.7500,13.8000,13.8100,13.8200,13.8300,13.8400,131,427,1931,758,407,989,536,1348,1819,2566
SZ,000001,2019-06-24 09:56:12,13.8000,6,92448.0000,67,B,13.7900,13.7800,13.7700,13.7600,13.7500,13.8000,13.8100,13.8200,13.8300,13.8400,163,427,1949,849,407,804,536,1336,1820,2566
SZ,000001,2019-06-24 09:56:15,13.8000,6,73120.0000,53,B,13.7900,13.7800,13.7700,13.7600,13.7500,13.8000,13.8100,13.8200,13.8300,13.8400,398,427,349,849,407,852,536,1336,1825,2566
SZ,000001,2019-06-24 09:56:18,13.7900,3,86880.0000,63,S,13.7900,13.7800,13.7700,13.7600,13.7500,13.8000,13.8100,13.8200,13.8300,13.8400,335,427,349,849,407,853,436,1336,1825,2566
SZ,000001,2019-06-24 09:56:21,13.7900,11,550272.0000,399,S,13.7800,13.7700,13.7600,13.7500,13.7400,13.7900,13.8000,13.8100,13.8200,13.8300,427,352,849,407,421,190,812,436,1336,1825
SZ,000001,2019-06-24 09:56:24,13.7800,5,67552.0000,49,S,13.7800,13.7700,13.7600,13.7500,13.7400,13.7900,13.8000,13.8100,13.8200,13.8300,453,352,849,402,421,578,821,441,1336,1825
SZ,000001,2019-06-24 09:56:27,13.7900,7,82720.0000,60,B,13.7800,13.7700,13.7600,13.7500,13.7400,13.7900,13.8000,13.8100,13.8200,13.8300,419,352,849,402,421,673,831,442,1336,1825
SZ,000001,2019-06-24 09:56:30,13.7800,26,917888.0000,666,S,13.7700,13.7600,13.7500,13.7400,13.7300,13.7800,13.7900,13.8000,13.8100,13.8200,311,849,402,421,806,115,495,831,442,1336
SZ,000001,2019-06-24 09:56:33,13.7800,11,130848.0000,95,B,13.7700,13.7600,13.7500,13.7400,13.7300,13.7800,13.7900,13.8000,13.8100,13.8200,731,872,402,421,806,680,411,915,442,1336
SZ,000001,2019-06-24 09:56:36,13.7700,6,45440.0000,33,S,13.7700,13.7600,13.7500,13.7400,13.7300,13.7800,13.7900,13.8000,13.8100,13.8200,734,872,402,421,806,1200,411,915,447,1346
SZ,000001,2019-06-24 09:56:39,13.7800,22,210720.0000,153,B,13.7700,13.7600,13.7500,13.7400,13.7300,13.7800,13.7900,13.8000,13.8100,13.8200,628,872,412,421,806,1187,411,955,450,1346
SZ,000001,2019-06-24 09:56:42,13.7700,26,971168.0000,705,S,13.7700,13.7600,13.7500,13.7400,13.7300,13.7800,13.7900,13.8000,13.8100,13.8200,412,872,412,421,806,645,411,955,450,1446
SZ,000001,2019-06-24 09:56:45,13.7700,14,1426560.0000,1036,S,13.7600,13.7500,13.7400,13.7300,13.7200,13.7700,13.7800,13.7900,13.8000,13.8100,857,412,471,806,456,51,777,274,897,542
SZ,000001,2019-06-24 09:56:48,13.7600,11,224320.0000,163,S,13.7600,13.7500,13.7400,13.7300,13.7200,13.7700,13.7800,13.7900,13.8000,13.8100,740,414,471,806,456,60,785,257,3196,542
SZ,000001,2019-06-24 09:56:51,13.7700,19,366272.0000,266,B,13.7700,13.7600,13.7500,13.7400,13.7300,13.7800,13.7900,13.8000,13.8100,13.8200,241,738,414,471,806,713,270,3220,552,1446
SZ,000001,2019-06-24 09:56:54,13.7700,10,517728.0000,376,S,13.7600,13.7500,13.7400,13.7300,13.7200,13.7700,13.7800,13.7900,13.8000,13.8100,735,414,471,806,461,1621,764,70,3220,562
SZ,000001,2019-06-24 09:56:57,13.7600,9,1393344.0000,1012,S,13.7600,13.7500,13.7400,13.7300,13.7200,13.7700,13.7800,13.7900,13.8000,13.8100,545,414,464,806,461,780,764,70,3224,562
SZ,000001,2019-06-24 09:57:00,13.7700,13,452928.0000,329,B,13.7600,13.7500,13.7400,13.7300,13.7200,13.7700,13.7800,13.7900,13.8000,13.8100,471,414,464,806,461,372,764,70,3224,562
SZ,000001,2019-06-24 09:57:03,13.7700,11,741376.0000,538,B,13.7700,13.7600,13.7500,13.7400,13.7300,13.7800,13.7900,13.8000,13.8100,13.8200,161,474,414,464,806,737,75,3274,562,1546
SZ,000001,2019-06-24 09:57:06,13.7600,17,468832.0000,341,S,13.7600,13.7500,13.7400,13.7300,13.7200,13.7700,13.7800,13.7900,13.8000,13.8100,302,414,464,806,461,1033,745,75,3271,572
SZ,000001,2019-06-24 09:57:09,13.7600,17,418304.0000,304,S,13.7500,13.7400,13.7300,13.7200,13.7100,13.7700,13.7800,13.7900,13.8000,13.8100,524,464,806,461,1604,1044,265,75,3271,572
SZ,000001,2019-06-24 09:57:12,13.8000,110,10558752.0000,7654,B,13.7500,13.7400,13.7300,13.7200,13.7100,13.7600,13.7900,13.8000,13.8100,13.8200,555,464,806,461,1604,76,5,155,643,1520
SZ,000001,2019-06-24 09:57:15,13.7700,10,383936.0000,279,B,13.7600,13.7500,13.7400,13.7300,13.7200,13.7700,13.7900,13.8100,13.8200,13.8300,479,555,464,806,441,55,467,574,1520,1162
SZ,000001,2019-06-24 09:57:18,13.7600,5,46816.0000,34,S,13.7600,13.7500,13.7400,13.7300,13.7200,13.7700,13.7800,13.7900,13.8000,13.8100,490,558,464,806,441,24,1,560,30,574
SZ,000001,2019-06-24 09:57:21,13.7600,4,129344.0000,94,S,13.7600,13.7500,13.7400,13.7300,13.7200,13.7800,13.7900,13.8000,13.8100,13.8200,238,558,414,806,453,11,671,31,574,1520
SZ,000001,2019-06-24 09:57:24,13.7600,7,133536.0000,97,S,13.7600,13.7500,13.7400,13.7300,13.7200,13.7900,13.8000,13.8100,13.8200,13.8300,199,558,414,806,453,1819,31,574,1520,1167
SZ,000001,2019-06-24 09:57:27,13.7600,11,473440.0000,344,S,13.7500,13.7400,13.7300,13.7200,13.7100,13.7600,13.7800,13.7900,13.8000,13.8100,563,414,806,454,1604,53,383,1208,46,584
