市场代码,证券代码,时间,最新价,成交笔数,成交额,成交量,方向,买一价,买二价,买三价,买四价,买五价,卖一价,卖二价,卖三价,卖四价,卖五价,买一量,买二量,买三量,买四量,买五量,卖一量,卖二量,卖三量,卖四量,卖五量
SZ,000001,2019-06-20 09:25:03,13.1700,283,17963880.0000,13640,B,13.1600,13.1400,13.1000,13.0900,13.0800,13.1700,13.1800,13.1900,13.2000,13.2100,9,5,91,14,116,1904,2221,1437,459,248
SZ,000001,2019-06-20 09:30:03,13.1300,113,4115424.0000,3127,S,13.1200,13.1100,13.1000,13.0900,13.0800,13.1400,13.1600,13.1700,13.1800,13.1900,8,84,108,166,344,14,6085,3097,2332,1259
SZ,000001,2019-06-20 09:30:06,13.1600,39,1477216.0000,1123,B,13.1200,13.1100,13.1000,13.0900,13.0800,13.1600,13.1700,13.1800,13.1900,13.2000,277,105,100,280,706,7260,2406,2258,1245,815
SZ,000001,2019-06-20 09:30:09,13.1500,8,159112.0000,121,S,13.1200,13.1100,13.1000,13.0900,13.0800,13.1500,13.1600,13.1700,13.1800,13.1900,282,105,100,280,706,363,7344,529,2258,1220
SZ,000001,2019-06-20 09:30:12,13.1300,3,68276.0000,52,S,13.1200,13.1100,13.1000,13.0900,13.0800,13.1300,13.1500,13.1600,13.1700,13.1800,478,105,100,280,708,27,397,7375,534,2274
SZ,000001,2019-06-20 09:30:15,13.1500,7,135264.0000,103,B,13.1300,13.1200,13.1100,13.1000,13.0900,13.1500,13.1600,13.1700,13.1800,13.1900,36,551,105,100,300,423,7385,544,2274,1353
SZ,000001,2019-06-20 09:30:18,13.1300,5,219584.0000,167,S,13.1300,13.1200,13.1100,13.1000,13.0900,13.1500,13.1600,13.1700,13.1800,13.1900,306,291,105,100,300,218,7177,544,2274,1357
SZ,000001,2019-06-20 09:30:21,13.1500,12,299818.0000,228,B,13.1500,13.1300,13.1200,13.1100,13.1000,13.1600,13.1700,13.1800,13.1900,13.2000,226,406,200,105,100,7169,544,2274,1358,943
SZ,000001,2019-06-20 09:30:24,13.1500,6,523370.0000,398,S,13.1300,13.1200,13.1100,13.1000,13.0900,13.1500,13.1600,13.1700,13.1800,13.1900,324,200,93,100,300,1056,7128,745,2050,1358
SZ,000001,2019-06-20 09:30:27,13.1600,17,773076.0000,588,B,13.1400,13.1300,13.1200,13.1100,13.1000,13.1600,13.1700,13.1800,13.1900,13.2000,65,249,200,93,101,7104,744,2050,1358,944
SZ,000001,2019-06-20 09:30:30,13.1400,10,145904.0000,111,S,13.1400,13.1300,13.1200,13.1100,13.1000,13.1500,13.1600,13.1700,13.1800,13.1900,234,289,191,93,101,14,7109,744,2050,1358
SZ,000001,2019-06-20 09:30:33,13.1400,6,85448.0000,65,S,13.1400,13.1300,13.1200,13.1100,13.1000,13.1500,13.1600,13.1700,13.1800,13.1900,195,110,191,93,101,134,7133,744,2581,1358
SZ,000001,2019-06-20 09:30:36,13.1400,13,261670.0000,199,S,13.1400,13.1300,13.1200,13.1100,13.1000,13.1600,13.1700,13.1800,13.1900,13.2000,699,235,190,93,101,6996,744,2571,1358,944
SZ,000001,2019-06-20 09:30:39,13.1400,6,853870.0000,649,S,13.1400,13.1300,13.1200,13.1100,13.1000,13.1500,13.1600,13.1700,13.1800,13.1900,892,74,190,93,101,14,6468,558,2606,1358
SZ,000001,2019-06-20 09:30:42,13.1500,3,18412.0000,14,B,13.1500,13.1400,13.1300,13.1200,13.1100,13.1600,13.1700,13.1800,13.1900,13.2000,25,987,234,190,93,6464,558,2606,1358,953
SZ,000001,2019-06-20 09:30:45,13.1500,17,477216.0000,363,S,13.1400,13.1300,13.1200,13.1100,13.1000,13.1500,13.1600,13.1700,13.1800,13.1900,567,144,190,93,101,19,6309,558,2606,1338
SZ,000001,2019-06-20 09:30:48,13.1500,5,51284.0000,39,B,13.1500,13.1400,13.1300,13.1200,13.1100,13.1600,13.1700,13.1800,13.1900,13.2000,41,602,181,150,93,6309,680,2606,1338,933
SZ,000001,2019-06-20 09:30:51,13.1400,15,847572.0000,645,S,13.1300,13.1200,13.1100,13.1000,13.0900,13.1400,13.1500,13.1600,13.1700,13.1800,144,150,93,137,300,2855,152,6292,691,2571
SZ,000001,2019-06-20 09:30:54,13.1400,8,1547876.0000,1178,B,13.1300,13.1200,13.1100,13.1000,13.0900,13.1400,13.1500,13.1600,13.1700,13.1800,218,161,93,137,300,1712,201,6277,691,2571
SZ,000001,2019-06-20 09:30:57,13.1300,22,898596.0000,684,S,13.1300,13.1200,13.1100,13.1000,13.0900,13.1400,13.1500,13.1600,13.1700,13.1800,435,161,96,137,300,1258,132,6277,691,2571
SZ,000001,2019-06-20 09:31:00,13.1500,29,1968572.0000,1498,B,13.1400,13.1300,13.1200,13.1100,13.1000,13.1500,13.1600,13.1700,13.1800,13.1900,261,512,161,96,137,975,6280,691,2571,1328
SZ,000001,2019-06-20 09:31:03,13.1500,13,577060.0000,439,B,13.1400,13.1300,13.1200,13.1100,13.1000,13.1500,13.1600,13.1700,13.1800,13.1900,214,343,164,96,137,942,6278,691,2574,1328
SZ,000001,2019-06-20 09:31:06,13.1400,22,1538444.0000,1170,S,13.1400,13.1300,13.1200,13.1100,13.1000,13.1500,13.1600,13.1700,13.1800,13.1900,108,348,158,96,137,835,6268,752,2569,1328
SZ,000001,2019-06-20 09:31:09,13.1500,13,1159824.0000,882,B,13.1400,13.1300,13.1200,13.1100,13.1000,13.1600,13.1700,13.1800,13.1900,13.2000,456,29,158,96,137,6202,752,2569,1328,948
SZ,000001,2019-06-20 09:31:12,13.1600,6,275032.0000,209,B,13.1500,13.1400,13.1300,13.1200,13.1100,13.1600,13.1700,13.1800,13.1900,13.2000,100,601,44,158,96,5997,752,2599,1328,947
SZ,000001,2019-06-20 09:31:15,13.1400,16,971332.0000,739,S,13.1300,13.1200,13.1100,13.1000,13.0900,13.1400,13.1600,13.1700,13.1800,13.1900,44,158,96,139,300,4143,5976,752,2599,1328
SZ,000001,2019-06-20 09:31:18,13.1400,11,720072.0000,548,B,13.1300,13.1200,13.1100,13.1000,13.0900,13.1400,13.1600,13.1700,13.1800,13.1900,208,163,98,139,300,3789,5961,632,2599,1326
SZ,000001,2019-06-20 09:31:21,13.1400,5,734524.0000,559,B,13.1300,13.1200,13.1100,13.1000,13.0900,13.1400,13.1600,13.1700,13.1800,13.1900,249,205,98,139,300,3316,5966,634,2599,1326
SZ,000001,2019-06-20 09:31:24,13.1400,16,1140404.0000,868,B,13.1300,13.1200,13.1100,13.1000,13.0900,13.1400,13.1600,13.1700,13.1800,13.1900,148,205,98,139,280,2627,5970,632,2439,1326
SZ,000001,2019-06-20 09:31:27,13.1300,15,960292.0000,731,S,13.1200,13.1100,13.1000,13.0900,13.0800,13.1300,13.1400,13.1500,13.1600,13.1700,205,98,139,280,795,2771,2137,10,6011,632
SZ,000001,2019-06-20 09:31:30,13.1300,8,2759928.0000,2102,B,13.1200,13.1100,13.1000,13.0900,13.0800,13.1300,13.1400,13.1500,13.1600,13.1700,163,118,141,280,825,798,2168,68,6039,632
SZ,000001,2019-06-20 09:31:33,13.1300,18,1079276.0000,822,B,13.1200,13.1100,13.1000,13.0900,13.0800,13.1300,13.1400,13.1500,13.1600,13.1700,153,118,141,280,825,4,2173,69,6089,427
SZ,000001,2019-06-20 09:31:36,13.1300,5,212860.0000,162,B,13.1300,13.1200,13.1100,13.1000,13.0900,13.1400,13.1500,13.1600,13.1700,13.1800,296,153,118,141,280,2024,69,6091,427,2489
SZ,000001,2019-06-20 09:31:39,13.1300,10,391548.0000,298,S,13.1300,13.1200,13.1100,13.1000,13.0900,13.1400,13.1500,13.1600,13.1700,13.1800,103,153,138,141,285,1452,69,6094,429,2499
SZ,000001,2019-06-20 09:31:42,13.1300,9,170780.0000,130,S,13.1300,13.1200,13.1100,13.1000,13.0900,13.1400,13.1500,13.1600,13.1700,13.1800,162,153,138,141,285,1366,77,6092,429,2499
SZ,000001,2019-06-20 09:31:45,13.1600,29,2292072.0000,1744,B,13.1300,13.1200,13.1100,13.1000,13.0900,13.1400,13.1600,13.1700,13.1800,13.1900,304,154,138,149,285,4,5881,429,2499,2153
SZ,000001,2019-06-20 09:31:48,13.1600,8,213160.0000,162,B,13.1400,13.1300,13.1200,13.1100,13.1000,13.1600,13.1700,13.1800,13.1900,13.2000,241,486,154,138,149,5744,429,2499,2115,1280
SZ,000001,2019-06-20 09:31:51,13.1400,5,77628.0000,59,S,13.1400,13.1300,13.1200,13.1100,13.1000,13.1600,13.1700,13.1800,13.1900,13.2000,107,322,154,138,149,5921,429,2499,2115,1280
SZ,000001,2019-06-20 09:31:54,13.1400,2,18396.0000,14,S,13.1400,13.1300,13.1200,13.1100,13.1000,13.1500,13.1600,13.1700,13.1800,13.1900,113,594,154,138,149,31,5931,429,2499,2115
SZ,000001,2019-06-20 09:31:57,13.1500,12,324808.0000,247,B,13.1500,13.1400,13.1300,13.1200,13.1100,13.1600,13.1700,13.1800,13.1900,13.2000,6,246,586,154,138,5944,439,2499,2105,1340
SZ,000001,2019-06-20 09:32:00,13.1600,5,219664.0000,167,B,13.1500,13.1400,13.1300,13.1200,13.1100,13.1600,13.1700,13.1800,13.1900,13.2000,1223,246,636,154,138,5902,440,2500,2105,1361
SZ,000001,2019-06-20 09:32:03,13.1500,8,85524.0000,65,S,13.1500,13.1400,13.1300,13.1200,13.1100,13.1600,13.1700,13.1800,13.1900,13.2000,1588,246,486,153,138,5751,440,2507,2101,1361
SZ,000001,2019-06-20 09:32:06,13.1600,22,4715120.0000,3583,B,13.1500,13.1400,13.1300,13.1200,13.1100,13.1600,13.1700,13.1800,13.1900,13.2000,1481,246,486,153,138,2276,440,2507,2101,1361
SZ,000001,2019-06-20 09:32:09,13.1600,112,3643124.0000,2768,B,13.1700,13.1600,13.1500,13.1400,13.1300,13.1800,13.1900,13.2000,13.2100,13.2200,50,1527,1490,111,469,2507,2101,1361,689,306
SZ,000001,2019-06-20 09:32:12,13.1600,42,2723792.0000,2068,S,13.1600,13.1500,13.1400,13.1300,13.1200,13.1800,13.1900,13.2000,13.2100,13.2200,464,1008,76,469,120,1519,2101,1361,689,306
SZ,000001,2019-06-20 09:32:15,13.1900,95,3947528.0000,2994,B,13.1600,13.1500,13.1400,13.1300,13.1200,13.1900,13.2000,13.2100,13.2200,13.2300,1384,1008,619,469,120,639,1361,689,306,311
SZ,000001,2019-06-20 09:32:18,13.2000,38,1353632.0000,1026,B,13.1900,13.1800,13.1700,13.1600,13.1500,13.2000,13.2100,13.2200,13.2300,13.2400,9,6,48,1622,813,999,689,306,331,487
SZ,000001,2019-06-20 09:32:21,13.2000,54,1224880.0000,928,B,13.1900,13.1800,13.1700,13.1600,13.1500,13.2000,13.2100,13.2200,13.2300,13.2400,415,14,42,981,813,153,689,306,331,487
SZ,000001,2019-06-20 09:32:24,13.2100,35,532188.0000,403,B,13.2000,13.1900,13.1800,13.1700,13.1600,13.2100,13.2200,13.2300,13.2400,13.2500,566,985,24,112,981,458,306,331,487,821
SZ,000001,2019-06-20 09:32:27,13.2100,15,417380.0000,316,B,13.2000,13.1900,13.1800,13.1700,13.1600,13.2100,13.2200,13.2300,13.2400,13.2500,635,92,24,104,579,215,306,361,487,821
SZ,000001,2019-06-20 09:32:30,13.2100,12,182304.0000,138,B,13.2000,13.1900,13.1800,13.1700,13.1600,13.2100,13.2200,13.2300,13.2400,13.2500,1480,92,20,70,579,90,306,361,487,821
SZ,000001,2019-06-20 09:32:33,13.2100,33,581512.0000,440,B,13.2100,13.2000,13.1900,13.1800,13.1700,13.2200,13.2300,13.2400,13.2500,13.2600,244,1672,114,20,85,2,361,437,826,211
SZ,000001,2019-06-20 09:32:36,13.2300,37,552912.0000,418,B,13.2100,13.2000,13.1900,13.1800,13.1700,13.2300,13.2400,13.2500,13.2600,13.2700,523,831,36,20,75,9,437,811,211,260
SZ,000001,2019-06-20 09:32:39,13.2200,14,320336.0000,242,S,13.2200,13.2100,13.2000,13.1900,13.1800,13.2400,13.2500,13.2600,13.2700,13.2800,9,1729,786,36,20,236,805,211,260,1316
SZ,000001,2019-06-20 09:32:42,13.2300,16,484368.0000,366,B,13.2200,13.2100,13.2000,13.1900,13.1800,13.2300,13.2400,13.2500,13.2600,13.2700,102,831,637,36,20,103,83,805,211,260
SZ,000001,2019-06-20 09:32:45,13.2300,39,644448.0000,487,B,13.2300,13.2200,13.2100,13.2000,13.1900,13.2400,13.2500,13.2600,13.2700,13.2800,894,918,739,637,36,30,728,211,260,1316
SZ,000001,2019-06-20 09:32:48,13.2400,18,1675280.0000,1266,B,13.2300,13.2200,13.2100,13.2000,13.1900,13.2400,13.2500,13.2600,13.2700,13.2800,191,148,649,642,36,38,595,321,260,1316
SZ,000001,2019-06-20 09:32:51,13.2300,18,451160.0000,341,S,13.2300,13.2200,13.2100,13.2000,13.1900,13.2400,13.2500,13.2600,13.2700,13.2800,770,105,629,156,33,32,598,321,306,1316
SZ,000001,2019-06-20 09:32:54,13.2400,70,1155000.0000,872,B,13.2400,13.2300,13.2200,13.2100,13.2000,13.2500,13.2600,13.2700,13.2800,13.2900,60,745,105,629,165,41,328,361,1316,1089
SZ,000001,2019-06-20 09:32:57,13.2400,19,315456.0000,238,S,13.2400,13.2300,13.2200,13.2100,13.2000,13.2500,13.2600,13.2700,13.2800,13.2900,637,245,105,405,166,1,206,381,1321,1089
SZ,000001,2019-06-20 09:33:00,13.2500,11,121952.0000,92,B,13.2500,13.2400,13.2300,13.2200,13.2100,13.2600,13.2700,13.2800,13.2900,13.3000,3,2261,245,105,379,157,489,1331,1159,1944
SZ,000001,2019-06-20 09:33:03,13.2500,15,194904.0000,147,S,13.2400,13.2300,13.2200,13.2100,13.2000,13.2500,13.2600,13.2700,13.2800,13.2900,1738,179,106,367,145,3,43,499,1332,1189
SZ,000001,2019-06-20 09:33:06,13.2500,26,1390544.0000,1050,B,13.2500,13.2400,13.2300,13.2200,13.2100,13.2600,13.2700,13.2800,13.2900,13.3000,38,1470,201,106,367,28,513,1332,1199,1962
SZ,000001,2019-06-20 09:33:09,13.2400,19,330056.0000,249,S,13.2400,13.2300,13.2200,13.2100,13.2000,13.2500,13.2600,13.2700,13.2800,13.2900,900,179,106,357,223,615,133,713,1343,1221
SZ,000001,2019-06-20 09:33:12,13.2500,24,1039864.0000,785,B,13.2400,13.2300,13.2200,13.2100,13.2000,13.2500,13.2600,13.2700,13.2800,13.2900,1214,202,106,357,223,123,139,1035,1346,1221
SZ,000001,2019-06-20 09:33:15,13.2400,31,1882552.0000,1422,S,13.2300,13.2200,13.2100,13.2000,13.1900,13.2400,13.2500,13.2600,13.2700,13.2800,202,106,357,173,11,19,273,139,1060,1346
SZ,000001,2019-06-20 09:33:18,13.2300,9,161440.0000,122,S,13.2300,13.2200,13.2100,13.2000,13.1900,13.2400,13.2500,13.2600,13.2700,13.2800,457,128,357,173,11,545,292,165,1490,1346
SZ,000001,2019-06-20 09:33:21,13.2500,49,2206072.0000,1667,B,13.2200,13.2100,13.2000,13.1900,13.1800,13.2500,13.2600,13.2700,13.2800,13.2900,61,357,176,11,70,233,229,1490,1346,1235
SZ,000001,2019-06-20 09:33:24,13.2300,15,653544.0000,494,S,13.2200,13.2100,13.2000,13.1900,13.1800,13.2300,13.2400,13.2500,13.2600,13.2700,223,376,155,11,70,169,80,243,239,1500
SZ,000001,2019-06-20 09:33:27,13.2300,7,254008.0000,192,B,13.2300,13.2200,13.2100,13.2000,13.1900,13.2400,13.2500,13.2600,13.2700,13.2800,404,305,376,155,21,180,324,379,1500,1379
SZ,000001,2019-06-20 09:33:30,13.2300,10,256768.0000,194,S,13.2300,13.2200,13.2100,13.2000,13.1900,13.2400,13.2500,13.2600,13.2700,13.2800,355,103,364,166,21,83,334,550,1455,1381
SZ,000001,2019-06-20 09:33:33,13.2300,10,354960.0000,268,S,13.2300,13.2200,13.2100,13.2000,13.1900,13.2400,13.2500,13.2600,13.2700,13.2800,668,103,364,173,21,998,158,656,1555,1399
SZ,000001,2019-06-20 09:33:36,13.2200,24,1104696.0000,835,S,13.2100,13.2000,13.1900,13.1800,13.1700,13.2200,13.2300,13.2400,13.2500,13.2600,364,173,21,70,85,71,4175,989,224,692
SZ,000001,2019-06-20 09:33:39,13.2200,8,196976.0000,149,B,13.2100,13.2000,13.1900,13.1800,13.1700,13.2200,13.2300,13.2400,13.2500,13.2600,658,165,15,75,85,22,4187,1053,279,960
SZ,000001,2019-06-20 09:33:42,13.2300,16,386120.0000,292,B,13.2200,13.2100,13.2000,13.1900,13.1800,13.2300,13.2400,13.2500,13.2600,13.2700,18,872,195,15,75,4564,1053,374,1122,1555
SZ,000001,2019-06-20 09:33:45,13.2200,11,1050992.0000,795,S,13.2100,13.2000,13.1900,13.1800,13.1700,13.2200,13.2300,13.2400,13.2500,13.2600,489,210,15,75,85,354,4592,1105,624,1126
SZ,000001,2019-06-20 09:33:48,13.2200,13,561840.0000,425,B,13.2100,13.2000,13.1900,13.1800,13.1700,13.2200,13.2300,13.2400,13.2500,13.2600,911,233,15,75,85,73,4617,1066,621,1126
SZ,000001,2019-06-20 09:33:51,13.2100,12,99128.0000,75,S,13.2100,13.2000,13.1900,13.1800,13.1700,13.2200,13.2300,13.2400,13.2500,13.2600,906,248,68,77,85,172,4617,1076,731,1129
SZ,000001,2019-06-20 09:33:54,13.2100,21,154600.0000,117,S,13.2100,13.2000,13.1900,13.1800,13.1700,13.2200,13.2300,13.2400,13.2500,13.2600,838,248,68,72,85,349,4629,120,796,1137
SZ,000001,2019-06-20 09:33:57,13.2100,7,63432.0000,48,S,13.2100,13.2000,13.1900,13.1800,13.1700,13.2200,13.2300,13.2400,13.2500,13.2600,772,202,68,72,95,438,4648,108,806,1137
SZ,000001,2019-06-20 09:34:00,13.2200,44,970104.0000,734,B,13.2200,13.2100,13.2000,13.1900,13.1800,13.2300,13.2400,13.2500,13.2600,13.2700,107,729,202,68,72,4648,108,811,1129,1531
SZ,000001,2019-06-20 09:34:03,13.2100,31,800928.0000,606,S,13.2000,13.1900,13.1800,13.1700,13.1600,13.2100,13.2200,13.2300,13.2400,13.2500,179,68,72,95,360,1264,88,4597,108,810
SZ,000001,2019-06-20 09:34:06,13.2100,16,1384352.0000,1048,B,13.2000,13.1900,13.1800,13.1700,13.1600,13.2100,13.2200,13.2300,13.2400,13.2500,507,108,72,95,360,1268,114,4657,108,820
SZ,000001,2019-06-20 09:34:09,13.2100,9,457064.0000,346,B,13.2000,13.1900,13.1800,13.1700,13.1600,13.2100,13.2200,13.2300,13.2400,13.2500,635,108,72,95,360,928,124,4657,108,821
SZ,000001,2019-06-20 09:34:12,13.2200,23,1671136.0000,1265,B,13.2100,13.2000,13.1900,13.1800,13.1700,13.2200,13.2300,13.2400,13.2500,13.2600,30,607,108,72,95,38,4657,108,835,1138
SZ,000001,2019-06-20 09:34:15,13.2100,15,256344.0000,194,S,13.2100,13.2000,13.1900,13.1800,13.1700,13.2300,13.2400,13.2500,13.2600,13.2700,120,247,68,72,95,4658,107,835,1138,1539
SZ,000001,2019-06-20 09:34:18,13.2200,7,97832.0000,74,B,13.2200,13.2100,13.2000,13.1900,13.1800,13.2300,13.2400,13.2500,13.2600,13.2700,16,845,280,68,72,4658,107,865,1148,1539
SZ,000001,2019-06-20 09:34:21,13.2100,19,590992.0000,447,S,13.2100,13.2000,13.1900,13.1800,13.1700,13.2200,13.2300,13.2400,13.2500,13.2600,291,230,68,72,95,18,4428,107,870,1147
SZ,000001,2019-06-20 09:34:24,13.2200,4,33048.0000,25,B,13.2100,13.2000,13.1900,13.1800,13.1700,13.2200,13.2300,13.2400,13.2500,13.2600,738,176,68,78,95,23,4480,107,870,1147
SZ,000001,2019-06-20 09:34:27,13.2100,16,187800.0000,142,S,13.2100,13.2000,13.1900,13.1800,13.1700,13.2200,13.2300,13.2400,13.2500,13.2600,979,164,68,78,95,31,4409,107,875,1170
SZ,000001,2019-06-20 09:34:30,13.2200,11,115016.0000,87,B,13.2200,13.2100,13.2000,13.1900,13.1800,13.2300,13.2400,13.2500,13.2600,13.2700,18,1089,164,68,78,4407,107,883,1292,1585
SZ,000001,2019-06-20 09:34:33,13.2300,10,455056.0000,344,B,13.2200,13.2100,13.2000,13.1900,13.1800,13.2300,13.2400,13.2500,13.2600,13.2700,17,709,151,68,78,4121,107,898,1292,1585
SZ,000001,2019-06-20 09:34:36,13.2200,7,141448.0000,107,S,13.2200,13.2100,13.2000,13.1900,13.1800,13.2300,13.2400,13.2500,13.2600,13.2700,416,716,151,68,78,4110,97,908,1292,1313
SZ,000001,2019-06-20 09:34:39,13.2300,13,962944.0000,728,B,13.2200,13.2100,13.2000,13.1900,13.1800,13.2300,13.2400,13.2500,13.2600,13.2700,263,489,151,68,76,3583,117,898,1292,1313
SZ,000001,2019-06-20 09:34:42,13.2200,5,230200.0000,174,S,13.2200,13.2100,13.2000,13.1900,13.1800,13.2300,13.2400,13.2500,13.2600,13.2700,596,289,151,68,76,3415,141,901,1322,1313
SZ,000001,2019-06-20 09:34:45,13.2300,4,157432.0000,119,B,13.2200,13.2100,13.2000,13.1900,13.1800,13.2300,13.2400,13.2500,13.2600,13.2700,655,291,150,98,84,3314,141,903,1251,1313
SZ,000001,2019-06-20 09:34:48,13.2300,22,2538648.0000,1919,B,13.2200,13.2100,13.2000,13.1900,13.1800,13.2300,13.2400,13.2500,13.2600,13.2700,340,284,147,98,84,1586,116,903,1257,1313
SZ,000001,2019-06-20 09:34:51,13.2300,4,336040.0000,254,B,13.2200,13.2100,13.2000,13.1900,13.1800,13.2300,13.2400,13.2500,13.2600,13.2700,397,284,167,98,84,1348,116,871,1257,1313
SZ,000001,2019-06-20 09:34:54,13.2300,20,558232.0000,422,B,13.2200,13.2100,13.2000,13.1900,13.1800,13.2300,13.2400,13.2500,13.2600,13.2700,398,284,167,98,114,1000,116,900,1262,1358
SZ,000001,2019-06-20 09:34:57,13.2300,5,223584.0000,169,B,13.2200,13.2100,13.2000,13.1900,13.1800,13.2300,13.2400,13.2500,13.2600,13.2700,432,284,163,98,114,878,116,929,1272,1358
SZ,000001,2019-06-20 09:35:00,13.2200,13,109776.0000,83,S,13.2200,13.2100,13.2000,13.1900,13.1800,13.2300,13.2400,13.2500,13.2600,13.2700,420,285,163,98,114,864,137,1933,1272,1358
SZ,000001,2019-06-20 09:35:03,13.2300,8,87312.0000,66,B,13.2200,13.2100,13.2000,13.1900,13.1800,13.2300,13.2400,13.2500,13.2600,13.2700,548,203,183,98,114,793,183,2326,1345,1358
SZ,000001,2019-06-20 09:35:06,13.2300,9,113752.0000,86,B,13.2200,13.2100,13.2000,13.1900,13.1800,13.2300,13.2400,13.2500,13.2600,13.2700,557,203,183,98,114,738,426,2370,1345,1373
SZ,000001,2019-06-20 09:35:09,13.2200,4,100536.0000,76,S,13.2200,13.2100,13.2000,13.1900,13.1800,13.2300,13.2400,13.2500,13.2600,13.2700,573,228,183,98,114,693,426,2400,1223,1375
SZ,000001,2019-06-20 09:35:12,13.2300,36,773512.0000,585,B,13.2200,13.2100,13.2000,13.1900,13.1800,13.2300,13.2400,13.2500,13.2600,13.2700,134,228,183,98,114,549,476,2405,1239,1375
SZ,000001,2019-06-20 09:35:15,13.2300,48,988184.0000,747,B,13.2300,13.2200,13.2100,13.2000,13.1900,13.2400,13.2500,13.2600,13.2700,13.2800,341,44,228,183,98,496,2415,1269,1385,1534
SZ,000001,2019-06-20 09:35:18,13.2300,6,101872.0000,77,S,13.2300,13.2200,13.2100,13.2000,13.1900,13.2400,13.2500,13.2600,13.2700,13.2800,479,80,229,183,98,512,2425,1265,1407,1534
SZ,000001,2019-06-20 09:35:21,13.2300,6,129656.0000,98,S,13.2300,13.2200,13.2100,13.2000,13.1900,13.2400,13.2500,13.2600,13.2700,13.2800,465,80,229,233,98,570,2425,1205,1407,1542
SZ,000001,2019-06-20 09:35:24,13.2400,14,333416.0000,252,B,13.2300,13.2200,13.2100,13.2000,13.1900,13.2400,13.2500,13.2600,13.2700,13.2800,336,80,229,224,98,553,2415,1205,1427,1542
SZ,000001,2019-06-20 09:35:27,13.2300,24,494800.0000,374,S,13.2200,13.2100,13.2000,13.1900,13.1800,13.2300,13.2400,13.2500,13.2600,13.2700,80,229,229,98,124,6,947,2415,1213,1427
SZ,000001,2019-06-20 09:35:30,13.2400,34,1139856.0000,861,B,13.2200,13.2100,13.2000,13.1900,13.1800,13.2400,13.2500,13.2600,13.2700,13.2800,293,204,4074,98,124,243,2419,1213,1427,1542
SZ,000001,2019-06-20 09:35:33,13.2300,5,184024.0000,139,S,13.2200,13.2100,13.2000,13.1900,13.1800,13.2300,13.2400,13.2500,13.2600,13.2700,291,204,4074,98,124,36,122,2419,1213,1437
SZ,000001,2019-06-20 09:35:36,13.2300,10,195872.0000,148,B,13.2200,13.2100,13.2000,13.1900,13.1800,13.2300,13.2400,13.2500,13.2600,13.2700,291,229,4096,98,124,69,109,2438,1213,1437
SZ,000001,2019-06-20 09:35:39,13.2400,14,243544.0000,184,B,13.2400,13.2300,13.2200,13.2100,13.2000,13.2500,13.2600,13.2700,13.2800,13.2900,78,4,306,229,4097,2438,1213,1437,1534,1512
SZ,000001,2019-06-20 09:35:42,13.2400,8,52960.0000,40,S,13.2400,13.2300,13.2200,13.2100,13.2000,13.2500,13.2600,13.2700,13.2800,13.2900,119,36,119,230,4122,2458,1213,1437,1534,1512
SZ,000001,2019-06-20 09:35:45,13.2400,23,355008.0000,268,S,13.2400,13.2300,13.2200,13.2100,13.2000,13.2500,13.2600,13.2700,13.2800,13.2900,97,69,128,230,4123,2263,1080,1437,1554,1512
SZ,000001,2019-06-20 09:35:48,13.2300,29,439456.0000,332,S,13.2200,13.2100,13.2000,13.1900,13.1800,13.2300,13.2400,13.2500,13.2600,13.2700,128,230,4128,98,124,1893,113,2293,1080,1437
SZ,000001,2019-06-20 09:35:51,13.2300,8,130976.0000,99,B,13.2200,13.2100,13.2000,13.1900,13.1800,13.2300,13.2400,13.2500,13.2600,13.2700,265,240,4128,98,124,1796,158,2323,894,1737
SZ,000001,2019-06-20 09:35:54,13.2300,6,596664.0000,451,B,13.2200,13.2100,13.2000,13.1900,13.1800,13.2300,13.2400,13.2500,13.2600,13.2700,301,240,4120,114,124,1358,224,1343,902,1767
SZ,000001,2019-06-20 09:35:57,13.2200,14,277672.0000,210,S,13.2200,13.2100,13.2000,13.1900,13.1800,13.2300,13.2400,13.2500,13.2600,13.2700,146,240,4120,114,124,1335,375,1343,902,1767
SZ,000001,2019-06-20 09:36:00,13.2200,7,236656.0000,179,S,13.2100,13.2000,13.1900,13.1800,13.1700,13.2200,13.2300,13.2400,13.2500,13.2600,277,4105,114,124,122,844,1353,377,1324,905
SZ,000001,2019-06-20 09:36:03,13.2200,4,142776.0000,108,B,13.2100,13.2000,13.1900,13.1800,13.1700,13.2200,13.2300,13.2400,13.2500,13.2600,255,4123,114,124,122,842,1373,379,1324,900
SZ,000001,2019-06-20 09:36:06,13.2200,6,42296.0000,32,B,13.2100,13.2000,13.1900,13.1800,13.1700,13.2200,13.2300,13.2400,13.2500,13.2600,249,4123,114,124,122,861,1373,400,1379,950
SZ,000001,2019-06-20 09:36:09,13.2100,23,472976.0000,358,S,13.2000,13.1900,13.1800,13.1700,13.1600,13.2100,13.2200,13.2300,13.2400,13.2500,4123,118,164,122,340,1771,808,1383,625,1452
SZ,000001,2019-06-20 09:36:12,13.2000,37,6207952.0000,4703,S,13.1800,13.1700,13.1600,13.1500,13.1400,13.1900,13.2000,13.2100,13.2200,13.2300,164,122,340,176,158,133,1356,1758,788,1382
SZ,000001,2019-06-20 09:36:15,13.2000,11,64640.0000,49,B,13.1800,13.1700,13.1600,13.1500,13.1400,13.2000,13.2100,13.2200,13.2300,13.2400,266,137,325,176,158,1406,1760,781,1379,686
SZ,000001,2019-06-20 09:36:18,13.2000,3,36960.0000,28,B,13.1800,13.1700,13.1600,13.1500,13.1400,13.1900,13.2000,13.2100,13.2200,13.2300,261,127,325,176,158,50,9441,1762,824,1379
SZ,000001,2019-06-20 09:36:21,13.1800,16,363768.0000,276,S,13.1700,13.1600,13.1500,13.1400,13.1300,13.1800,13.1900,13.2000,13.2100,13.2200,127,317,182,158,234,1637,60,8113,1762,824
SZ,000001,2019-06-20 09:36:24,13.1800,5,71152.0000,54,B,13.1700,13.1600,13.1500,13.1400,13.1300,13.1800,13.1900,13.2000,13.2100,13.2200,194,739,182,158,234,1610,1060,8122,1762,824
SZ,000001,2019-06-20 09:36:27,13.1700,10,217432.0000,165,S,13.1700,13.1600,13.1500,13.1400,13.1300,13.1800,13.1900,13.2000,13.2100,13.2200,150,759,182,158,234,26,1060,8172,1771,939
SZ,000001,2019-06-20 09:36:30,13.1900,12,127856.0000,97,B,13.1700,13.1600,13.1500,13.1400,13.1300,13.1900,13.2000,13.2100,13.2200,13.2300,149,756,182,158,227,1030,8174,1771,939,91
SZ,000001,2019-06-20 09:36:33,13.1700,5,44808.0000,34,S,13.1700,13.1600,13.1500,13.1400,13.1300,13.1800,13.1900,13.2000,13.2100,13.2200,282,763,182,228,227,59,1017,8182,1774,939
SZ,000001,2019-06-20 09:36:36,13.1700,16,316400.0000,240,S,13.1700,13.1600,13.1500,13.1400,13.1300,13.1800,13.1900,13.2000,13.2100,13.2200,268,763,192,228,227,10,927,8132,1762,939
SZ,000001,2019-06-20 09:36:39,13.1700,13,188504.0000,143,S,13.1800,13.1700,13.1600,13.1500,13.1400,13.1900,13.2000,13.2100,13.2200,13.2300,10,278,763,192,228,846,8134,1762,385,151
SZ,000001,2019-06-20 09:36:42,13.1700,12,198896.0000,151,S,13.1700,13.1600,13.1500,13.1400,13.1300,13.1900,13.2000,13.2100,13.2200,13.2300,45,763,192,228,227,860,8134,1760,390,151
SZ,000001,2019-06-20 09:36:45,13.1700,12,343664.0000,261,S,13.1700,13.1600,13.1500,13.1400,13.1300,13.1800,13.1900,13.2000,13.2100,13.2200,37,633,202,228,227,79,833,8134,1760,390
SZ,000001,2019-06-20 09:36:48,13.1800,17,148896.0000,113,B,13.1700,13.1600,13.1500,13.1400,13.1300,13.1800,13.1900,13.2000,13.2100,13.2200,33,633,202,228,237,39,888,8144,1760,390
SZ,000001,2019-06-20 09:36:51,13.1700,8,39512.0000,30,S,13.1700,13.1600,13.1500,13.1400,13.1300,13.1800,13.1900,13.2000,13.2100,13.2200,34,633,206,228,237,2050,914,8144,1760,390
SZ,000001,2019-06-20 09:36:54,13.1700,15,135664.0000,103,S,13.1600,13.1500,13.1400,13.1300,13.1200,13.1700,13.1800,13.1900,13.2000,13.2100,653,206,228,237,126,111,2071,911,8149,1760
SZ,000001,2019-06-20 09:36:57,13.1600,9,242248.0000,184,S,13.1600,13.1500,13.1400,13.1300,13.1200,13.1700,13.1800,13.1900,13.2000,13.2100,594,224,228,237,126,1055,2097,911,8149,1760
SZ,000001,2019-06-20 09:37:00,13.1600,4,55280.0000,42,S,13.1600,13.1500,13.1400,13.1300,13.1200,13.1700,13.1800,13.1900,13.2000,13.2100,563,224,228,237,126,1054,2098,893,8159,1760
SZ,000001,2019-06-20 09:37:03,13.1700,14,618560.0000,470,B,13.1600,13.1500,13.1400,13.1300,13.1200,13.1700,13.1800,13.1900,13.2000,13.2100,131,220,222,237,116,1151,2058,893,8211,1760
SZ,000001,2019-06-20 09:37:06,13.1600,8,114552.0000,87,S,13.1600,13.1500,13.1400,13.1300,13.1200,13.1700,13.1800,13.1900,13.2000,13.2100,100,216,222,232,116,1100,2068,893,8211,1760
SZ,000001,2019-06-20 09:37:09,13.1700,4,34248.0000,26,B,13.1600,13.1500,13.1400,13.1300,13.1200,13.1700,13.1800,13.1900,13.2000,13.2100,119,216,222,240,116,1080,2071,893,8211,1760
SZ,000001,2019-06-20 09:37:12,13.1600,16,126344.0000,96,S,13.1600,13.1500,13.1400,13.1300,13.1200,13.1700,13.1800,13.1900,13.2000,13.2100,213,216,262,242,116,1069,2068,893,8231,1760
SZ,000001,2019-06-20 09:37:15,13.1700,32,1506616.0000,1144,B,13.1700,13.1600,13.1500,13.1400,13.1300,13.1800,13.1900,13.2000,13.2100,13.2200,104,451,216,262,242,2068,893,8231,1760,390
SZ,000001,2019-06-20 09:37:18,13.1900,25,3204352.0000,2431,B,13.1800,13.1700,13.1600,13.1500,13.1400,13.1900,13.2000,13.2100,13.2200,13.2300,162,228,415,198,262,584,8231,1760,393,157
SZ,000001,2019-06-20 09:37:21,13.2100,46,7262368.0000,5501,B,13.2100,13.2000,13.1900,13.1800,13.1700,13.2200,13.2300,13.2400,13.2500,13.2600,747,794,1553,224,218,393,157,916,1970,931
SZ,000001,2019-06-20 09:37:24,13.2300,81,2227536.0000,1683,B,13.2300,13.2200,13.2100,13.2000,13.1900,13.2500,13.2600,13.2700,13.2800,13.2900,312,480,644,172,1589,1814,952,1462,1577,1583
SZ,000001,2019-06-20 09:37:27,13.2500,97,2829128.0000,2135,B,13.2500,13.2400,13.2300,13.2200,13.2100,13.2600,13.2700,13.2800,13.2900,13.3000,538,2,560,415,492,724,1460,1575,1583,3419
SZ,000001,2019-06-20 09:37:30,13.2700,106,2532136.0000,1909,B,13.2600,13.2500,13.2400,13.2300,13.2200,13.2700,13.2800,13.2900,13.3000,13.3100,197,410,2,517,410,486,1575,1583,3414,355
SZ,000001,2019-06-20 09:37:33,13.2600,31,619600.0000,467,S,13.2600,13.2500,13.2400,13.2300,13.2200,13.2700,13.2800,13.2900,13.3000,13.3100,16,403,2,517,58,124,1575,1591,3414,355
SZ,000001,2019-06-20 09:37:36,13.2500,13,221424.0000,167,S,13.2600,13.2500,13.2400,13.2300,13.2200,13.2700,13.2800,13.2900,13.3000,13.3100,46,368,2,496,33,144,1575,1591,3418,360
SZ,000001,2019-06-20 09:37:39,13.2700,19,189760.0000,143,B,13.2600,13.2500,13.2400,13.2300,13.2200,13.2700,13.2800,13.2900,13.3000,13.3100,121,368,2,496,29,22,1675,1591,3438,360
SZ,000001,2019-06-20 09:37:42,13.2700,15,397728.0000,300,B,13.2500,13.2400,13.2300,13.2200,13.2100,13.2700,13.2800,13.2900,13.3000,13.3100,294,2,496,29,487,226,1675,1591,3447,360
SZ,000001,2019-06-20 09:37:45,13.2600,7,115360.0000,87,S,13.2500,13.2400,13.2300,13.2200,13.2100,13.2600,13.2700,13.2800,13.2900,13.3000,257,36,496,29,487,45,400,1645,1596,3347
SZ,000001,2019-06-20 09:37:48,13.2700,11,295824.0000,223,B,13.2500,13.2400,13.2300,13.2200,13.2100,13.2700,13.2800,13.2900,13.3000,13.3100,339,36,496,29,487,372,1704,1616,3352,360
SZ,000001,2019-06-20 09:37:51,13.2600,15,246704.0000,186,B,13.2500,13.2400,13.2300,13.2200,13.2100,13.2600,13.2700,13.2800,13.2900,13.3000,367,80,496,29,487,2,5718,1704,1636,3330
SZ,000001,2019-06-20 09:37:54,13.2500,25,535344.0000,404,S,13.2400,13.2300,13.2200,13.2100,13.2000,13.2500,13.2600,13.2700,13.2800,13.2900,83,496,29,487,184,605,5,6078,1704,1636
SZ,000001,2019-06-20 09:37:57,13.2600,20,178880.0000,135,B,13.2400,13.2300,13.2200,13.2100,13.2000,13.2500,13.2600,13.2700,13.2800,13.2900,34,496,29,400,234,20,2573,6420,1729,1636
SZ,000001,2019-06-20 09:38:00,13.2600,7,131232.0000,99,B,13.2500,13.2400,13.2300,13.2200,13.2100,13.2600,13.2700,13.2800,13.2900,13.3000,3,45,496,29,400,2509,6542,2259,1636,3351
SZ,000001,2019-06-20 09:38:03,13.2500,13,351104.0000,265,S,13.2400,13.2300,13.2200,13.2100,13.2000,13.2500,13.2600,13.2700,13.2800,13.2900,12,496,29,400,234,953,2640,6626,2254,1636
SZ,000001,2019-06-20 09:38:06,13.2400,14,339008.0000,256,S,13.2300,13.2200,13.2100,13.2000,13.1900,13.2400,13.2500,13.2600,13.2700,13.2800,495,57,403,322,1027,403,372,2711,6630,2254
SZ,000001,2019-06-20 09:38:09,13.2500,6,193360.0000,146,B,13.2400,13.2300,13.2200,13.2100,13.2000,13.2500,13.2600,13.2700,13.2800,13.2900,60,495,70,403,332,197,2796,6334,2254,1686
SZ,000001,2019-06-20 09:38:12,13.2500,18,660640.0000,499,B,13.2400,13.2300,13.2200,13.2100,13.2000,13.2500,13.2600,13.2700,13.2800,13.2900,10,308,73,403,332,830,2818,6233,2274,1692
SZ,000001,2019-06-20 09:38:15,13.2400,20,467696.0000,353,S,13.2400,13.2300,13.2200,13.2100,13.2000,13.2500,13.2600,13.2700,13.2800,13.2900,186,308,60,403,332,824,2873,6240,2274,1692
SZ,000001,2019-06-20 09:38:18,13.2500,28,1400544.0000,1057,B,13.2500,13.2400,13.2300,13.2200,13.2100,13.2600,13.2700,13.2800,13.2900,13.3000,153,225,308,60,413,2919,6197,2289,1701,3463
SZ,000001,2019-06-20 09:38:21,13.2500,14,1963568.0000,1481,S,13.2500,13.2400,13.2300,13.2200,13.2100,13.2600,13.2700,13.2800,13.2900,13.3000,32,325,308,60,413,1646,6225,2307,1706,3463
SZ,000001,2019-06-20 09:38:24,13.2500,17,345808.0000,261,S,13.2500,13.2400,13.2300,13.2200,13.2100,13.2600,13.2700,13.2800,13.2900,13.3000,165,309,308,60,413,1607,6283,2357,1706,3463
SZ,000001,2019-06-20 09:38:27,13.2600,44,2385456.0000,1799,B,13.2600,13.2500,13.2400,13.2300,13.2200,13.2700,13.2800,13.2900,13.3000,13.3100,341,156,309,308,60,6184,2357,1756,3475,395
SZ,000001,2019-06-20 09:38:30,13.2600,14,224144.0000,169,S,13.2600,13.2500,13.2400,13.2300,13.2200,13.2700,13.2800,13.2900,13.3000,13.3100,400,341,309,308,60,6157,2357,1746,3486,412
SZ,000001,2019-06-20 09:38:33,13.2600,8,157824.0000,119,S,13.2600,13.2500,13.2400,13.2300,13.2200,13.2700,13.2800,13.2900,13.3000,13.3100,305,351,309,308,60,6134,2358,1767,3557,412
SZ,000001,2019-06-20 09:38:36,13.2600,16,381888.0000,288,S,13.2600,13.2500,13.2400,13.2300,13.2200,13.2700,13.2800,13.2900,13.3000,13.3100,22,351,309,323,60,6150,2353,1767,3567,462
SZ,000001,2019-06-20 09:38:39,13.2500,13,437376.0000,330,S,13.2500,13.2400,13.2300,13.2200,13.2100,13.2600,13.2700,13.2800,13.2900,13.3000,102,309,323,60,413,226,6098,2356,1767,3562
SZ,000001,2019-06-20 09:38:42,13.2600,17,565024.0000,426,B,13.2600,13.2500,13.2400,13.2300,13.2200,13.2700,13.2800,13.2900,13.3000,13.3100,37,124,309,323,60,5953,2356,1765,3577,462
SZ,000001,2019-06-20 09:38:45,13.2500,15,355264.0000,268,S,13.2400,13.2300,13.2200,13.2100,13.2000,13.2500,13.2700,13.2800,13.2900,13.3000,311,323,60,413,407,276,5934,2366,1775,3587
SZ,000001,2019-06-20 09:38:48,13.2500,10,123200.0000,93,B,13.2400,13.2300,13.2200,13.2100,13.2000,13.2500,13.2600,13.2700,13.2800,13.2900,144,336,60,713,433,216,51,5934,2396,1775
SZ,000001,2019-06-20 09:38:51,13.2500,8,176224.0000,133,B,13.2400,13.2300,13.2200,13.2100,13.2000,13.2500,13.2600,13.2700,13.2800,13.2900,183,336,60,718,433,353,102,5936,2296,1885
SZ,000001,2019-06-20 09:38:54,13.2400,7,154960.0000,117,S,13.2400,13.2300,13.2200,13.2100,13.2000,13.2500,13.2600,13.2700,13.2800,13.2900,118,336,60,718,433,401,129,5936,2285,1945
SZ,000001,2019-06-20 09:38:57,13.2600,40,1199248.0000,905,B,13.2300,13.2200,13.2100,13.2000,13.1900,13.2600,13.2700,13.2800,13.2900,13.3000,336,60,718,433,1037,124,5936,2320,1945,3662
SZ,000001,2019-06-20 09:39:00,13.2400,6,84848.0000,64,S,13.2500,13.2400,13.2300,13.2200,13.2100,13.2600,13.2700,13.2800,13.2900,13.3000,2,18,336,72,718,521,5929,2320,1947,4307
SZ,000001,2019-06-20 09:39:03,13.2600,13,397744.0000,300,B,13.2400,13.2300,13.2200,13.2100,13.2000,13.2600,13.2700,13.2800,13.2900,13.3000,157,455,60,718,433,288,6793,2330,1947,4457
SZ,000001,2019-06-20 09:39:06,13.2600,20,525104.0000,396,B,13.2600,13.2500,13.2400,13.2300,13.2200,13.2700,13.2800,13.2900,13.3000,13.3100,125,1,199,466,80,6786,2330,2007,4495,523
SZ,000001,2019-06-20 09:39:09,13.2500,13,907440.0000,684,S,13.2500,13.2400,13.2300,13.2200,13.2100,13.2600,13.2700,13.2800,13.2900,13.3000,51,202,490,80,721,561,6470,2330,2007,4507
SZ,000001,2019-06-20 09:39:12,13.2300,26,2203472.0000,1664,S,13.2200,13.2100,13.2000,13.1900,13.1800,13.2300,13.2600,13.2700,13.2800,13.2900,90,721,957,1037,3,564,46,6470,2330,2007
SZ,000001,2019-06-20 09:39:15,13.2500,8,784608.0000,593,B,13.2400,13.2300,13.2200,13.2100,13.2000,13.2500,13.2600,13.2700,13.2800,13.2900,47,1612,163,1161,957,51,263,6472,2330,2017
SZ,000001,2019-06-20 09:39:18,13.2500,27,1941184.0000,1467,B,13.2500,13.2300,13.2200,13.2100,13.2000,13.2600,13.2700,13.2800,13.2900,13.3000,65,369,512,1161,957,296,6482,2330,2017,4598
SZ,000001,2019-06-20 09:39:21,13.2500,8,90128.0000,68,S,13.2500,13.2400,13.2300,13.2200,13.2100,13.2600,13.2700,13.2800,13.2900,13.3000,174,183,371,512,721,337,6491,2340,2017,4599
SZ,000001,2019-06-20 09:39:24,13.2600,9,66272.0000,50,B,13.2500,13.2400,13.2300,13.2200,13.2100,13.2600,13.2700,13.2800,13.2900,13.3000,248,323,396,422,721,420,6501,2340,2017,4599
SZ,000001,2019-06-20 09:39:27,13.2500,30,1283760.0000,968,S,13.2500,13.2400,13.2300,13.2200,13.2100,13.2600,13.2700,13.2800,13.2900,13.3000,135,334,396,431,721,23,6014,2354,2017,4604
SZ,000001,2019-06-20 09:39:30,13.2500,14,392240.0000,296,S,13.2400,13.2300,13.2200,13.2100,13.2000,13.2500,13.2600,13.2700,13.2800,13.2900,344,396,422,721,1058,631,119,6871,2370,2017
SZ,000001,2019-06-20 09:39:33,13.2500,8,752496.0000,568,B,13.2400,13.2300,13.2200,13.2100,13.2000,13.2500,13.2600,13.2700,13.2800,13.2900,83,412,427,721,1108,186,150,6883,2370,2017
SZ,000001,2019-06-20 09:39:36,13.2400,9,182784.0000,138,S,13.2300,13.2200,13.2100,13.2000,13.1900,13.2400,13.2500,13.2600,13.2700,13.2800,424,418,721,1135,488,269,162,515,6883,2372
SZ,000001,2019-06-20 09:39:39,13.2400,6,278032.0000,210,B,13.2300,13.2200,13.2100,13.2000,13.1900,13.2400,13.2500,13.2600,13.2700,13.2800,450,418,721,1135,488,59,177,475,6883,2382
SZ,000001,2019-06-20 09:39:42,13.2500,8,104608.0000,79,B,13.2400,13.2300,13.2200,13.2100,13.2000,13.2500,13.2600,13.2700,13.2800,13.2900,119,500,88,721,1135,199,671,6961,2392,2091
SZ,000001,2019-06-20 09:39:48,13.2500,4,64912.0000,49,B,13.2400,13.2300,13.2200,13.2100,13.2000,13.2500,13.2600,13.2700,13.2800,13.2900,115,348,74,721,1135,299,789,6971,2402,2101
SZ,000001,2019-06-20 09:39:51,13.2400,2,5296.0000,4,S,13.2400,13.2300,13.2200,13.2100,13.2000,13.2500,13.2600,13.2700,13.2800,13.2900,177,348,69,721,1135,305,898,7071,2402,2092
SZ,000001,2019-06-20 09:39:54,13.2500,19,300768.0000,227,B,13.2400,13.2300,13.2200,13.2100,13.2000,13.2500,13.2600,13.2700,13.2800,13.2900,167,348,69,721,1135,108,901,7071,2402,2322
SZ,000001,2019-06-20 09:39:57,13.2400,2,52960.0000,40,S,13.2400,13.2300,13.2200,13.2100,13.2000,13.2500,13.2600,13.2700,13.2800,13.2900,138,348,69,721,1135,130,1037,7071,2402,2332
SZ,000001,2019-06-20 09:40:00,13.2500,18,233104.0000,176,B,13.2400,13.2300,13.2200,13.2100,13.2000,13.2500,13.2600,13.2700,13.2800,13.2900,172,170,69,721,1135,59,1081,7122,2402,2337
SZ,000001,2019-06-20 09:40:03,13.2500,12,62272.0000,47,B,13.2400,13.2300,13.2200,13.2100,13.2000,13.2500,13.2600,13.2700,13.2800,13.2900,177,170,69,721,1135,74,1155,7122,2402,2337
SZ,000001,2019-06-20 09:40:06,13.2500,4,30464.0000,23,B,13.2400,13.2300,13.2200,13.2100,13.2000,13.2500,13.2600,13.2700,13.2800,13.2900,164,170,69,728,1085,167,1475,7117,2402,2337
SZ,000001,2019-06-20 09:40:09,13.2500,11,196032.0000,148,B,13.2400,13.2300,13.2200,13.2100,13.2000,13.2500,13.2600,13.2700,13.2800,13.2900,85,171,69,728,1095,158,1630,7132,2402,2347
SZ,000001,2019-06-20 09:40:12,13.2500,6,54304.0000,41,B,13.2400,13.2300,13.2200,13.2100,13.2000,13.2500,13.2600,13.2700,13.2800,13.2900,75,109,69,728,1095,147,1630,7132,2384,2357
SZ,000001,2019-06-20 09:40:15,13.2500,14,182832.0000,138,B,13.2400,13.2300,13.2200,13.2100,13.2000,13.2500,13.2600,13.2700,13.2800,13.2900,46,109,69,928,1095,59,1640,7124,2384,2357
SZ,000001,2019-06-20 09:40:18,13.2400,10,92736.0000,70,S,13.2400,13.2300,13.2200,13.2100,13.2000,13.2600,13.2700,13.2800,13.2900,13.3000,43,109,69,928,924,1684,7124,2384,2357,4670
SZ,000001,2019-06-20 09:40:21,13.2400,45,2037968.0000,1537,S,13.2400,13.2300,13.2200,13.2100,13.2000,13.2600,13.2700,13.2800,13.2900,13.3000,196,109,72,928,926,223,7124,2404,2357,4683
SZ,000001,2019-06-20 09:40:24,13.2600,22,1154688.0000,871,B,13.2400,13.2300,13.2200,13.2100,13.2000,13.2600,13.2700,13.2800,13.2900,13.3000,273,99,72,928,926,3,7124,2404,2357,4684
SZ,000001,2019-06-20 09:40:27,13.2600,5,333440.0000,251,B,13.2600,13.2500,13.2400,13.2300,13.2200,13.2700,13.2800,13.2900,13.3000,13.3100,654,9,401,526,72,7124,2404,2362,4684,523
SZ,000001,2019-06-20 09:40:30,13.2600,8,889744.0000,671,S,13.2600,13.2500,13.2400,13.2300,13.2200,13.2700,13.2800,13.2900,13.3000,13.3100,1651,9,401,486,72,7119,2404,2362,4685,529
SZ,000001,2019-06-20 09:40:33,13.2600,13,350080.0000,264,S,13.2600,13.2500,13.2400,13.2300,13.2200,13.2700,13.2800,13.2900,13.3000,13.3100,1481,9,401,478,72,7104,2404,2362,4685,529
SZ,000001,2019-06-20 09:40:36,13.2600,3,38448.0000,29,S,13.2600,13.2500,13.2400,13.2300,13.2200,13.2700,13.2800,13.2900,13.3000,13.3100,1442,15,409,478,72,7227,2404,2362,4685,539
SZ,000001,2019-06-20 09:40:39,13.2700,9,176448.0000,133,B,13.2600,13.2500,13.2400,13.2300,13.2200,13.2700,13.2800,13.2900,13.3000,13.3100,1396,15,439,478,165,7138,2404,2562,4685,549
SZ,000001,2019-06-20 09:40:42,13.2600,9,240096.0000,181,S,13.2600,13.2500,13.2400,13.2300,13.2200,13.2700,13.2800,13.2900,13.3000,13.3100,1364,15,439,478,165,7049,2413,2562,4671,549
SZ,000001,2019-06-20 09:40:45,13.2600,2,7952.0000,6,S,13.2600,13.2500,13.2400,13.2300,13.2200,13.2700,13.2800,13.2900,13.3000,13.3100,1358,15,439,478,164,6999,2404,2562,4691,549
SZ,000001,2019-06-20 09:40:48,13.2500,25,1936640.0000,1461,S,13.2500,13.2400,13.2300,13.2200,13.2100,13.2600,13.2700,13.2800,13.2900,13.3000,18,532,478,164,578,585,6968,2404,2562,4691
SZ,000001,2019-06-20 09:40:51,13.2600,9,182960.0000,138,B,13.2500,13.2400,13.2300,13.2200,13.2100,13.2600,13.2700,13.2800,13.2900,13.3000,165,532,478,164,578,478,7053,2404,2553,4691
SZ,000001,2019-06-20 09:40:54,13.2600,9,2678704.0000,2019,B,13.2500,13.2400,13.2300,13.2200,13.2100,13.2600,13.2700,13.2800,13.2900,13.3000,176,532,478,164,578,7,5601,2407,2555,4699
SZ,000001,2019-06-20 09:40:57,13.2600,12,363312.0000,274,B,13.2600,13.2500,13.2400,13.2300,13.2200,13.2700,13.2800,13.2900,13.3000,13.3100,1490,168,532,508,164,5609,2379,2555,4699,562
SZ,000001,2019-06-20 09:41:00,13.2600,9,1161760.0000,876,S,13.2600,13.2500,13.2400,13.2300,13.2200,13.2700,13.2800,13.2900,13.3000,13.3100,1028,178,532,508,164,5454,2379,2555,4719,582
SZ,000001,2019-06-20 09:41:03,13.2700,9,287776.0000,217,B,13.2600,13.2500,13.2400,13.2300,13.2200,13.2700,13.2800,13.2900,13.3000,13.3100,875,267,525,508,164,5435,2379,2555,4729,582
SZ,000001,2019-06-20 09:41:06,13.2700,6,57056.0000,43,B,13.2600,13.2500,13.2400,13.2300,13.2200,13.2700,13.2800,13.2900,13.3000,13.3100,1412,267,525,508,164,5395,2409,2555,4829,583
SZ,000001,2019-06-20 09:41:09,13.2700,18,2601776.0000,1962,B,13.2600,13.2500,13.2400,13.2300,13.2200,13.2700,13.2800,13.2900,13.3000,13.3100,873,267,525,508,164,5252,2409,2555,4857,583
SZ,000001,2019-06-20 09:41:12,13.2700,4,143296.0000,108,B,13.2600,13.2500,13.2400,13.2300,13.2200,13.2700,13.2800,13.2900,13.3000,13.3100,879,267,525,508,164,5346,2409,2755,4866,583
SZ,000001,2019-06-20 09:41:15,13.2600,1,7968.0000,6,S,13.2600,13.2500,13.2400,13.2300,13.2200,13.2700,13.2800,13.2900,13.3000,13.3100,1061,267,525,508,164,5366,2409,2755,4866,583
SZ,000001,2019-06-20 09:41:18,13.2700,9,134016.0000,101,B,13.2600,13.2500,13.2400,13.2300,13.2200,13.2700,13.2800,13.2900,13.3000,13.3100,1061,267,519,508,164,5345,2409,2775,4866,583
SZ,000001,2019-06-20 09:41:21,13.2700,5,101088.0000,76,B,13.2600,13.2500,13.2400,13.2300,13.2200,13.2700,13.2800,13.2900,13.3000,13.3100,1037,267,519,508,164,5296,2409,2785,4866,583
SZ,000001,2019-06-20 09:41:24,13.2700,5,690848.0000,521,B,13.2600,13.2500,13.2400,13.2300,13.2200,13.2700,13.2800,13.2900,13.3000,13.3100,571,270,519,508,164,5305,2439,2785,4894,583
SZ,000001,2019-06-20 09:41:27,13.2700,6,298560.0000,225,B,13.2600,13.2500,13.2400,13.2300,13.2200,13.2700,13.2800,13.2900,13.3000,13.3100,523,270,519,508,174,5128,2439,2785,4914,583
SZ,000001,2019-06-20 09:41:30,13.2600,11,840992.0000,634,S,13.2600,13.2500,13.2400,13.2300,13.2200,13.2700,13.2800,13.2900,13.3000,13.3100,1468,270,575,508,174,4867,2404,2790,4904,583
SZ,000001,2019-06-20 09:41:33,13.2700,8,236096.0000,178,B,13.2600,13.2500,13.2400,13.2300,13.2200,13.2700,13.2800,13.2900,13.3000,13.3100,1548,270,575,508,174,4850,2454,2790,4904,583
SZ,000001,2019-06-20 09:41:36,13.2700,15,1086048.0000,819,B,13.2600,13.2500,13.2400,13.2300,13.2200,13.2700,13.2800,13.2900,13.3000,13.3100,782,270,575,508,174,4820,2454,2790,4928,583
SZ,000001,2019-06-20 09:41:39,13.2700,11,187072.0000,141,B,13.2600,13.2500,13.2400,13.2300,13.2200,13.2700,13.2800,13.2900,13.3000,13.3100,786,270,575,508,174,4750,2454,2790,4923,583
SZ,000001,2019-06-20 09:41:42,13.2700,1,3984.0000,3,B,13.2600,13.2500,13.2400,13.2300,13.2200,13.2700,13.2800,13.2900,13.3000,13.3100,1532,275,545,508,174,4780,2443,2790,4900,583
SZ,000001,2019-06-20 09:41:45,13.2600,11,1586496.0000,1196,S,13.2600,13.2500,13.2400,13.2300,13.2200,13.2700,13.2800,13.2900,13.3000,13.3100,953,325,545,508,174,4206,2444,2793,4900,583
SZ,000001,2019-06-20 09:41:48,13.2600,15,688544.0000,519,S,13.2600,13.2500,13.2400,13.2300,13.2200,13.2700,13.2800,13.2900,13.3000,13.3100,889,325,489,508,175,3829,2454,2793,4853,613
SZ,000001,2019-06-20 09:41:51,13.2700,6,35824.0000,27,B,13.2600,13.2500,13.2400,13.2300,13.2200,13.2700,13.2800,13.2900,13.3000,13.3100,1666,325,489,508,175,3806,2474,2803,4893,613
SZ,000001,2019-06-20 09:41:54,13.2600,12,866128.0000,653,S,13.2600,13.2500,13.2400,13.2300,13.2200,13.2700,13.2800,13.2900,13.3000,13.3100,2045,326,489,508,175,3566,2474,2803,4914,613
SZ,000001,2019-06-20 09:41:57,13.2700,31,907536.0000,684,B,13.2600,13.2500,13.2400,13.2300,13.2200,13.2700,13.2800,13.2900,13.3000,13.3100,2165,375,489,508,175,3001,2474,2803,4914,628
SZ,000001,2019-06-20 09:42:00,13.2600,7,510896.0000,385,S,13.2600,13.2500,13.2400,13.2300,13.2200,13.2700,13.2800,13.2900,13.3000,13.3100,2158,375,489,508,175,2673,2474,2802,4905,628
SZ,000001,2019-06-20 09:42:03,13.2700,16,610384.0000,460,B,13.2600,13.2500,13.2400,13.2300,13.2200,13.2700,13.2800,13.2900,13.3000,13.3100,2044,387,489,508,175,2602,2471,2802,4907,628
SZ,000001,2019-06-20 09:42:06,13.2600,7,100848.0000,76,S,13.2600,13.2500,13.2400,13.2300,13.2200,13.2700,13.2800,13.2900,13.3000,13.3100,2026,387,489,508,175,2553,2501,2802,4915,628
SZ,000001,2019-06-20 09:42:09,13.2700,18,1446400.0000,1090,B,13.2600,13.2500,13.2400,13.2300,13.2200,13.2700,13.2800,13.2900,13.3000,13.3100,1995,397,489,508,175,1540,2501,2802,4911,628
SZ,000001,2019-06-20 09:42:12,13.2700,9,208288.0000,157,B,13.2600,13.2500,13.2400,13.2300,13.2200,13.2700,13.2800,13.2900,13.3000,13.3100,1996,404,489,508,175,1427,2521,2802,4911,643
SZ,000001,2019-06-20 09:42:15,13.2700,67,1913536.0000,1442,B,13.2600,13.2500,13.2400,13.2300,13.2200,13.2700,13.2800,13.2900,13.3000,13.3100,2003,392,489,508,82,46,2521,2802,4911,643
SZ,000001,2019-06-20 09:42:18,13.2700,11,128816.0000,97,B,13.2700,13.2600,13.2500,13.2400,13.2300,13.2800,13.2900,13.3000,13.3100,13.3200,832,535,392,489,508,2532,2857,4926,643,773
SZ,000001,2019-06-20 09:42:21,13.2700,7,224384.0000,169,S,13.2700,13.2600,13.2500,13.2400,13.2300,13.2800,13.2900,13.3000,13.3100,13.3200,1298,554,392,489,508,2404,2857,4958,653,773
SZ,000001,2019-06-20 09:42:24,13.2700,87,3618400.0000,2725,S,13.2700,13.2600,13.2500,13.2400,13.2300,13.2800,13.2900,13.3000,13.3100,13.3200,940,554,392,489,508,90,2857,4948,653,773
SZ,000001,2019-06-20 09:42:27,13.2800,15,253632.0000,191,B,13.2800,13.2700,13.2600,13.2500,13.2400,13.2900,13.3000,13.3100,13.3200,13.3300,231,1259,547,392,489,2855,4958,653,773,1074
SZ,000001,2019-06-20 09:42:30,13.2800,12,374720.0000,282,S,13.2700,13.2600,13.2500,13.2400,13.2300,13.2800,13.2900,13.3000,13.3100,13.3200,1249,308,397,250,508,54,2643,4958,653,773
SZ,000001,2019-06-20 09:42:33,13.2900,11,165968.0000,125,B,13.2800,13.2700,13.2600,13.2500,13.2400,13.2900,13.3000,13.3100,13.3200,13.3300,3099,1215,388,397,250,2630,4958,653,773,1074
SZ,000001,2019-06-20 09:42:36,13.2800,25,1019296.0000,767,S,13.2800,13.2700,13.2600,13.2500,13.2400,13.2900,13.3000,13.3100,13.3200,13.3300,3318,1215,388,397,250,1919,4963,653,773,1074
SZ,000001,2019-06-20 09:42:39,13.2900,17,286992.0000,216,B,13.2800,13.2700,13.2600,13.2500,13.2400,13.2900,13.3000,13.3100,13.3200,13.3300,3822,1215,388,397,250,1863,4978,653,768,1084
SZ,000001,2019-06-20 09:42:42,13.2800,12,93008.0000,70,S,13.2800,13.2700,13.2600,13.2500,13.2400,13.2900,13.3000,13.3100,13.3200,13.3300,5327,1215,388,397,250,1808,4938,654,797,1114
SZ,000001,2019-06-20 09:42:45,13.2900,53,1679840.0000,1264,B,13.2800,13.2700,13.2600,13.2500,13.2400,13.2900,13.3000,13.3100,13.3200,13.3300,4312,1215,388,348,250,584,5069,654,797,1114
SZ,000001,2019-06-20 09:42:48,13.3000,22,789424.0000,594,B,13.2900,13.2800,13.2700,13.2600,13.2500,13.3000,13.3100,13.3200,13.3300,13.3400,1581,4357,1215,388,348,5011,664,802,1119,537
SZ,000001,2019-06-20 09:42:51,13.2900,10,263296.0000,198,S,13.2900,13.2800,13.2700,13.2600,13.2500,13.3000,13.3100,13.3200,13.3300,13.3400,1670,4357,1174,388,181,4879,664,802,1119,537
SZ,000001,2019-06-20 09:42:54,13.3000,217,5581968.0000,4197,B,13.2900,13.2800,13.2700,13.2600,13.2500,13.3000,13.3100,13.3200,13.3300,13.3400,1659,4362,1128,388,181,537,664,802,1119,546
SZ,000001,2019-06-20 09:42:57,13.3100,46,947664.0000,713,B,13.3000,13.2900,13.2800,13.2700,13.2600,13.3100,13.3200,13.3300,13.3400,13.3500,22,1595,4362,1128,388,663,802,1119,546,2764
SZ,000001,2019-06-20 09:43:00,13.3000,36,8657152.0000,6518,S,13.2900,13.2800,13.2700,13.2600,13.2500,13.3000,13.3100,13.3200,13.3300,13.3400,1,10,670,200,171,34,657,788,1111,546
SZ,000001,2019-06-20 09:43:03,13.3000,18,160960.0000,121,B,13.3000,13.2800,13.2700,13.2600,13.2500,13.3100,13.3200,13.3300,13.3400,13.3500,187,10,670,200,191,625,836,1111,556,2725
SZ,000001,2019-06-20 09:43:06,13.3000,16,239408.0000,180,S,13.3000,13.2900,13.2800,13.2700,13.2600,13.3100,13.3200,13.3300,13.3400,13.3500,113,40,10,670,200,617,896,1076,561,2762
SZ,000001,2019-06-20 09:43:09,13.3000,86,1607920.0000,1208,S,13.2700,13.2600,13.2500,13.2400,13.2300,13.2900,13.3000,13.3100,13.3200,13.3300,829,200,192,250,530,1,2046,8,646,1076
SZ,000001,2019-06-20 09:43:12,13.3000,10,464144.0000,349,B,13.2800,13.2700,13.2600,13.2500,13.2400,13.3000,13.3100,13.3200,13.3300,13.3400,49,944,311,214,250,1847,8,646,1076,763
SZ,000001,2019-06-20 09:43:15,13.3000,6,622416.0000,468,B,13.2900,13.2800,13.2700,13.2600,13.2500,13.3000,13.3100,13.3200,13.3300,13.3400,43,53,944,297,214,1485,68,572,1076,773
SZ,000001,2019-06-20 09:43:18,13.2900,10,324672.0000,244,S,13.2900,13.2800,13.2700,13.2600,13.2500,13.3000,13.3100,13.3200,13.3300,13.3400,14,62,944,297,217,1556,78,657,1076,803
SZ,000001,2019-06-20 09:43:21,13.2900,9,98064.0000,74,S,13.2800,13.2700,13.2600,13.2500,13.2400,13.2900,13.3000,13.3100,13.3200,13.3300,42,763,297,217,250,1016,3072,168,660,1097
SZ,000001,2019-06-20 09:43:24,13.2800,13,306640.0000,231,S,13.2800,13.2700,13.2600,13.2500,13.2400,13.2900,13.3000,13.3100,13.3200,13.3300,5,605,749,222,250,1074,3167,168,673,1103
SZ,000001,2019-06-20 09:43:27,13.2800,8,112928.0000,85,S,13.2800,13.2700,13.2600,13.2500,13.2400,13.2900,13.3000,13.3100,13.3200,13.3300,1,405,749,222,250,1032,3222,198,672,1073
SZ,000001,2019-06-20 09:43:30,13.2800,11,181856.0000,137,S,13.2700,13.2600,13.2500,13.2400,13.2300,13.2800,13.2900,13.3000,13.3100,13.3200,336,749,222,250,530,205,1157,3280,219,678
SZ,000001,2019-06-20 09:43:33,13.2700,8,329152.0000,248,S,13.2700,13.2600,13.2500,13.2400,13.2300,13.2800,13.2900,13.3000,13.3100,13.3200,156,760,222,250,530,283,1161,3292,215,688
SZ,000001,2019-06-20 09:43:36,13.2800,4,76992.0000,58,B,13.2700,13.2600,13.2500,13.2400,13.2300,13.2800,13.2900,13.3000,13.3100,13.3200,67,760,222,250,530,273,1231,2937,242,720
SZ,000001,2019-06-20 09:43:39,13.2700,9,130096.0000,98,S,13.2700,13.2600,13.2500,13.2400,13.2300,13.2800,13.2900,13.3000,13.3100,13.3200,17,761,272,250,530,239,1212,3363,242,746
SZ,000001,2019-06-20 09:43:42,13.2800,12,92848.0000,70,B,13.2700,13.2600,13.2500,13.2400,13.2300,13.2800,13.2900,13.3000,13.3100,13.3200,20,709,273,250,530,353,1212,3438,242,950
SZ,000001,2019-06-20 09:43:45,13.2800,8,132784.0000,100,B,13.2700,13.2600,13.2500,13.2400,13.2300,13.2800,13.2900,13.3000,13.3100,13.3200,14,710,275,250,530,345,1212,3535,242,1159
SZ,000001,2019-06-20 09:43:48,13.2700,5,41136.0000,31,S,13.2600,13.2500,13.2400,13.2300,13.2200,13.2700,13.2800,13.2900,13.3000,13.3100,710,275,250,530,68,43,437,1412,3595,205
SZ,000001,2019-06-20 09:43:51,13.2700,5,19904.0000,15,B,13.2600,13.2500,13.2400,13.2300,13.2200,13.2700,13.2800,13.2900,13.3000,13.3100,752,444,250,530,68,59,457,1412,3545,205
SZ,000001,2019-06-20 09:43:54,13.2600,6,53040.0000,40,S,13.2600,13.2500,13.2400,13.2300,13.2200,13.2700,13.2800,13.2900,13.3000,13.3100,713,446,250,530,68,80,473,1446,4510,205
SZ,000001,2019-06-20 09:43:57,13.2700,10,579904.0000,437,B,13.2600,13.2500,13.2400,13.2300,13.2200,13.2700,13.2800,13.2900,13.3000,13.3100,713,446,250,530,68,322,498,1446,4526,205
SZ,000001,2019-06-20 09:44:00,13.2700,10,130016.0000,98,B,13.2600,13.2500,13.2400,13.2300,13.2200,13.2700,13.2800,13.2900,13.3000,13.3100,684,460,250,530,68,578,510,1446,4540,205
SZ,000001,2019-06-20 09:44:03,13.2700,5,99520.0000,75,B,13.2600,13.2500,13.2400,13.2300,13.2200,13.2700,13.2800,13.2900,13.3000,13.3100,710,460,250,530,88,574,527,1809,4544,215
SZ,000001,2019-06-20 09:44:06,13.2600,6,157808.0000,119,S,13.2600,13.2500,13.2400,13.2300,13.2200,13.2700,13.2800,13.2900,13.3000,13.3100,627,460,250,530,88,672,487,1673,4564,215
SZ,000001,2019-06-20 09:44:09,13.2600,5,149856.0000,113,S,13.2600,13.2500,13.2400,13.2300,13.2200,13.2700,13.2800,13.2900,13.3000,13.3100,564,460,250,530,88,660,502,1476,4586,215
SZ,000001,2019-06-20 09:44:12,13.2600,16,1272224.0000,959,S,13.2600,13.2500,13.2400,13.2300,13.2200,13.2700,13.2800,13.2900,13.3000,13.3100,145,577,250,530,88,59,512,1476,4597,220
SZ,000001,2019-06-20 09:44:15,13.2600,16,161776.0000,122,S,13.2600,13.2500,13.2400,13.2300,13.2200,13.2700,13.2800,13.2900,13.3000,13.3100,140,577,250,530,88,64,516,1476,4608,225
SZ,000001,2019-06-20 09:44:18,13.2600,3,83568.0000,63,S,13.2600,13.2500,13.2400,13.2300,13.2200,13.2700,13.2800,13.2900,13.3000,13.3100,110,557,250,530,94,64,545,1477,4622,225
SZ,000001,2019-06-20 09:44:21,13.2700,5,31824.0000,24,B,13.2600,13.2500,13.2400,13.2300,13.2200,13.2700,13.2800,13.2900,13.3000,13.3100,161,568,250,530,94,105,636,1477,4618,225
SZ,000001,2019-06-20 09:44:24,13.2600,4,27856.0000,21,S,13.2600,13.2500,13.2400,13.2300,13.2200,13.2700,13.2800,13.2900,13.3000,13.3100,235,587,250,530,94,225,643,1477,4623,225
SZ,000001,2019-06-20 09:44:27,13.2600,14,778352.0000,587,S,13.2500,13.2400,13.2300,13.2200,13.2100,13.2600,13.2700,13.2800,13.2900,13.3000,784,250,530,94,547,1455,430,638,1477,4678
SZ,000001,2019-06-20 09:44:30,13.2600,7,1412192.0000,1065,B,13.2500,13.2400,13.2300,13.2200,13.2100,13.2600,13.2700,13.2800,13.2900,13.3000,837,419,530,97,547,478,450,646,1547,4701
SZ,000001,2019-06-20 09:44:33,13.2600,18,499728.0000,377,B,13.2500,13.2400,13.2300,13.2200,13.2100,13.2600,13.2700,13.2800,13.2900,13.3000,720,419,530,137,547,288,469,645,1567,4716
SZ,000001,2019-06-20 09:44:36,13.2600,7,193600.0000,146,B,13.2500,13.2400,13.2300,13.2200,13.2100,13.2600,13.2700,13.2800,13.2900,13.3000,737,419,530,137,547,169,464,627,1577,4689
SZ,000001,2019-06-20 09:44:39,13.2500,25,1265392.0000,955,S,13.2500,13.2400,13.2300,13.2200,13.2100,13.2600,13.2700,13.2800,13.2900,13.3000,137,419,530,137,547,164,469,639,1577,4727
SZ,000001,2019-06-20 09:44:42,13.2600,2,11936.0000,9,B,13.2500,13.2400,13.2300,13.2200,13.2100,13.2600,13.2700,13.2800,13.2900,13.3000,162,425,530,137,558,259,469,636,1587,4762
SZ,000001,2019-06-20 09:44:45,13.2600,4,29168.0000,22,B,13.2500,13.2400,13.2300,13.2200,13.2100,13.2600,13.2700,13.2800,13.2900,13.3000,162,425,530,137,558,246,469,624,1637,4762
SZ,000001,2019-06-20 09:44:48,13.2600,25,438848.0000,331,B,13.2600,13.2500,13.2400,13.2300,13.2200,13.2700,13.2800,13.2900,13.3000,13.3100,4,119,425,530,137,466,624,1637,4812,302
SZ,000001,2019-06-20 09:44:51,13.2600,7,42432.0000,32,S,13.2600,13.2500,13.2400,13.2300,13.2200,13.2700,13.2800,13.2900,13.3000,13.3100,469,97,433,530,137,465,614,1637,4825,302
SZ,000001,2019-06-20 09:44:54,13.2700,6,84912.0000,64,B,13.2600,13.2500,13.2400,13.2300,13.2200,13.2700,13.2800,13.2900,13.3000,13.3100,549,102,433,530,137,435,624,1667,4805,302
SZ,000001,2019-06-20 09:44:57,13.2600,4,21216.0000,16,S,13.2600,13.2500,13.2400,13.2300,13.2200,13.2700,13.2800,13.2900,13.3000,13.3100,488,102,433,530,137,479,624,1665,4914,302
SZ,000001,2019-06-20 09:45:00,13.2600,8,327536.0000,247,S,13.2600,13.2500,13.2400,13.2300,13.2200,13.2700,13.2800,13.2900,13.3000,13.3100,253,102,433,530,137,486,624,1667,5014,302
SZ,000001,2019-06-20 09:45:03,13.2600,8,290416.0000,219,S,13.2600,13.2500,13.2400,13.2300,13.2200,13.2700,13.2800,13.2900,13.3000,13.3100,225,102,433,530,137,469,639,1667,5003,302
SZ,000001,2019-06-20 09:45:06,13.2700,5,172496.0000,130,B,13.2600,13.2500,13.2400,13.2300,13.2200,13.2700,13.2800,13.2900,13.3000,13.3100,334,113,433,530,137,358,639,1733,5130,302
SZ,000001,2019-06-20 09:45:09,13.2600,22,531776.0000,401,S,13.2500,13.2400,13.2300,13.2200,13.2100,13.2600,13.2700,13.2800,13.2900,13.3000,113,433,530,133,558,1,319,646,1783,5125
SZ,000001,2019-06-20 09:45:12,13.2800,57,1295616.0000,976,B,13.2700,13.2500,13.2400,13.2300,13.2200,13.2800,13.2900,13.3000,13.3100,13.3200,568,311,433,530,133,197,1792,5125,302,1933
SZ,000001,2019-06-20 09:45:15,13.2800,12,152704.0000,115,B,13.2700,13.2500,13.2400,13.2300,13.2200,13.2800,13.2900,13.3000,13.3100,13.3200,589,2279,433,530,133,94,1792,5170,302,1936
SZ,000001,2019-06-20 09:45:18,13.2800,8,73040.0000,55,B,13.2700,13.2600,13.2500,13.2400,13.2300,13.2800,13.2900,13.3000,13.3100,13.3200,916,6,2089,433,548,48,1802,5171,302,1936
SZ,000001,2019-06-20 09:45:21,13.2800,9,73040.0000,55,B,13.2700,13.2600,13.2500,13.2400,13.2300,13.2800,13.2900,13.3000,13.3100,13.3200,919,6,2089,433,548,1001,1802,5121,304,1936
SZ,000001,2019-06-20 09:45:24,13.2800,3,10624.0000,8,B,13.2700,13.2600,13.2500,13.2400,13.2300,13.2800,13.2900,13.3000,13.3100,13.3200,924,26,2089,433,548,1040,1802,5231,304,1949
SZ,000001,2019-06-20 09:45:27,13.2700,6,985264.0000,742,S,13.2700,13.2600,13.2500,13.2400,13.2300,13.2800,13.2900,13.3000,13.3100,13.3200,855,106,2089,433,548,425,1801,5231,305,1968
SZ,000001,2019-06-20 09:45:30,13.2800,18,602896.0000,454,B,13.2800,13.2700,13.2600,13.2500,13.2400,13.2900,13.3000,13.3100,13.3200,13.3300,97,834,124,2089,433,1746,5251,306,1969,1416
SZ,000001,2019-06-20 09:45:33,13.2900,6,172656.0000,130,B,13.2800,13.2700,13.2600,13.2500,13.2400,13.2900,13.3000,13.3100,13.3200,13.3300,180,834,124,2089,264,1733,5271,306,1980,1416
SZ,000001,2019-06-20 09:45:36,13.2800,6,413168.0000,311,S,13.2800,13.2700,13.2600,13.2500,13.2400,13.2900,13.3000,13.3100,13.3200,13.3300,352,628,134,2089,264,1577,5278,306,1990,1416
SZ,000001,2019-06-20 09:45:39,13.2900,9,362736.0000,273,B,13.2800,13.2700,13.2600,13.2500,13.2400,13.2900,13.3000,13.3100,13.3200,13.3300,298,628,134,2089,258,1407,5303,306,1990,1416
SZ,000001,2019-06-20 09:45:42,13.2800,7,203216.0000,153,S,13.2800,13.2700,13.2600,13.2500,13.2400,13.2900,13.3000,13.3100,13.3200,13.3300,225,625,137,2118,258,1370,5280,306,1993,1426
SZ,000001,2019-06-20 09:45:45,13.2800,12,589872.0000,444,S,13.2800,13.2700,13.2600,13.2500,13.2400,13.2900,13.3000,13.3100,13.3200,13.3300,54,625,139,2118,258,1127,5280,306,1960,1426
SZ,000001,2019-06-20 09:45:48,13.2800,6,39856.0000,30,S,13.2800,13.2700,13.2600,13.2500,13.2400,13.2900,13.3000,13.3100,13.3200,13.3300,333,640,139,2118,258,1259,5291,298,1960,1426
SZ,000001,2019-06-20 09:45:51,13.2800,7,479408.0000,361,S,13.2700,13.2600,13.2500,13.2400,13.2300,13.2800,13.2900,13.3000,13.3100,13.3200,640,141,2118,258,549,473,1328,5331,298,1962
SZ,000001,2019-06-20 09:45:54,13.2800,6,107568.0000,81,B,13.2700,13.2600,13.2500,13.2400,13.2300,13.2800,13.2900,13.3000,13.3100,13.3200,919,173,2118,258,549,522,1328,5321,418,1962
SZ,000001,2019-06-20 09:45:57,13.2800,16,786176.0000,592,B,13.2800,13.2700,13.2600,13.2500,13.2400,13.2900,13.3000,13.3100,13.3200,13.3300,57,919,183,2118,258,1363,5332,418,1967,1416
SZ,000001,2019-06-20 09:46:00,13.2900,2,77088.0000,58,B,13.2800,13.2700,13.2600,13.2500,13.2400,13.2900,13.3000,13.3100,13.3200,13.3300,469,671,183,2118,258,1396,5349,418,1970,1416
SZ,000001,2019-06-20 09:46:03,13.2900,4,34528.0000,26,B,13.2800,13.2700,13.2600,13.2500,13.2400,13.2900,13.3000,13.3100,13.3200,13.3300,549,671,218,2118,258,1386,5393,418,1970,1416
SZ,000001,2019-06-20 09:46:06,13.2900,12,324080.0000,244,B,13.2800,13.2700,13.2600,13.2500,13.2400,13.2900,13.3000,13.3100,13.3200,13.3300,409,671,225,2118,258,1351,5410,418,1970,1415
SZ,000001,2019-06-20 09:46:09,13.2800,4,46496.0000,35,S,13.2800,13.2700,13.2600,13.2500,13.2400,13.2900,13.3000,13.3100,13.3200,13.3300,461,671,225,2118,258,1321,5413,418,1979,1415
SZ,000001,2019-06-20 09:46:12,13.2900,63,1818336.0000,1368,B,13.2900,13.2800,13.2700,13.2600,13.2500,13.3000,13.3100,13.3200,13.3300,13.3400,59,456,673,228,2118,5444,418,2063,1415,1518
SZ,000001,2019-06-20 09:46:15,13.2900,6,158160.0000,119,S,13.2900,13.2800,13.2700,13.2600,13.2500,13.3000,13.3100,13.3200,13.3300,13.3400,152,456,580,228,2118,5450,418,2075,1415,1518
SZ,000001,2019-06-20 09:46:18,13.2900,2,243328.0000,183,S,13.2900,13.2800,13.2700,13.2600,13.2500,13.3000,13.3100,13.3200,13.3300,13.3400,453,286,580,148,2118,5294,418,2077,1415,1518
SZ,000001,2019-06-20 09:46:21,13.2900,4,41200.0000,31,S,13.2900,13.2800,13.2700,13.2600,13.2500,13.3000,13.3100,13.3200,13.3300,13.3400,461,510,582,148,2118,5311,418,2067,1468,1518
SZ,000001,2019-06-20 09:46:24,13.3000,19,1759568.0000,1323,B,13.2900,13.2800,13.2700,13.2600,13.2500,13.3000,13.3100,13.3200,13.3300,13.3400,463,510,582,148,2118,4063,378,2067,1468,1518
SZ,000001,2019-06-20 09:46:27,13.2900,5,45200.0000,34,S,13.2900,13.2800,13.2700,13.2600,13.2500,13.3000,13.3100,13.3200,13.3300,13.3400,440,543,582,148,2118,4075,378,2058,1468,1518
SZ,000001,2019-06-20 09:46:30,13.2900,9,434624.0000,327,S,13.2900,13.2800,13.2700,13.2600,13.2500,13.3000,13.3100,13.3200,13.3300,13.3400,264,543,582,182,2118,4033,298,2116,1468,1518
SZ,000001,2019-06-20 09:46:33,13.3000,50,3083712.0000,2319,B,13.2800,13.2700,13.2600,13.2500,13.2400,13.3000,13.3100,13.3200,13.3300,13.3400,543,582,182,2119,258,2018,302,2111,1468,1528
SZ,000001,2019-06-20 09:46:36,13.3000,6,348448.0000,262,B,13.2800,13.2700,13.2600,13.2500,13.2400,13.2900,13.3000,13.3100,13.3200,13.3300,799,582,183,2119,258,504,1779,307,2110,1468
SZ,000001,2019-06-20 09:46:39,13.3000,98,3138640.0000,2360,B,13.3000,13.2800,13.2700,13.2600,13.2500,13.3100,13.3200,13.3300,13.3400,13.3500,781,824,606,157,2108,307,2081,1468,1528,4497
SZ,000001,2019-06-20 09:46:42,13.3000,23,384576.0000,289,S,13.3000,13.2900,13.2800,13.2700,13.2600,13.3100,13.3200,13.3300,13.3400,13.3500,3593,28,425,606,138,98,2046,1463,1533,4550
SZ,000001,2019-06-20 09:46:45,13.3000,3,35920.0000,27,S,13.3000,13.2900,13.2800,13.2700,13.2600,13.3100,13.3200,13.3300,13.3400,13.3500,3713,162,430,600,138,98,2068,1463,1533,4552
SZ,000001,2019-06-20 09:46:48,13.3000,13,165008.0000,124,S,13.3000,13.2900,13.2800,13.2700,13.2600,13.3100,13.3200,13.3300,13.3400,13.3500,3728,137,430,600,138,10,2068,1473,1533,4557
SZ,000001,2019-06-20 09:46:51,13.3100,16,166464.0000,125,B,13.3100,13.3000,13.2900,13.2800,13.2700,13.3200,13.3300,13.3400,13.3500,13.3600,30,3730,155,428,600,1968,1473,1533,4547,1626
SZ,000001,2019-06-20 09:46:54,13.3100,18,1102816.0000,829,S,13.3100,13.3000,13.2900,13.2800,13.2700,13.3200,13.3300,13.3400,13.3500,13.3600,262,2813,165,428,458,1837,1473,1533,4547,1626
SZ,000001,2019-06-20 09:46:57,13.3200,18,302256.0000,227,B,13.3100,13.3000,13.2900,13.2800,13.2700,13.3200,13.3300,13.3400,13.3500,13.3600,438,2813,165,359,436,1730,1473,1544,4557,1636
SZ,000001,2019-06-20 09:47:00,13.3200,12,266352.0000,200,B,13.3100,13.3000,13.2900,13.2800,13.2700,13.3200,13.3300,13.3400,13.3500,13.3600,401,2813,165,359,436,1627,1380,1544,4577,1436
SZ,000001,2019-06-20 09:47:03,13.3000,45,1773808.0000,1333,S,13.3000,13.2900,13.2800,13.2700,13.2600,13.3200,13.3300,13.3400,13.3500,13.3600,2190,166,359,441,149,1397,1380,1549,4581,1436
SZ,000001,2019-06-20 09:47:06,13.3000,13,716256.0000,538,S,13.3000,13.2900,13.2800,13.2700,13.2600,13.3100,13.3200,13.3300,13.3400,13.3500,2725,11,359,441,149,682,1184,1365,1544,4580
SZ,000001,2019-06-20 09:47:09,13.3100,5,110464.0000,83,B,13.3000,13.2900,13.2800,13.2700,13.2600,13.3100,13.3200,13.3300,13.3400,13.3500,2922,11,359,439,149,718,1257,1420,1614,4610
SZ,000001,2019-06-20 09:47:12,13.3100,5,73184.0000,55,B,13.3000,13.2900,13.2800,13.2700,13.2600,13.3100,13.3200,13.3300,13.3400,13.3500,2929,11,359,439,149,719,1277,1420,1614,4623
SZ,000001,2019-06-20 09:47:15,13.3100,5,46576.0000,35,B,13.3000,13.2900,13.2800,13.2700,13.2600,13.3100,13.3200,13.3300,13.3400,13.3500,2920,11,359,439,139,714,1287,1193,1634,4623
SZ,000001,2019-06-20 09:47:18,13.3100,11,582928.0000,438,B,13.3000,13.2900,13.2800,13.2700,13.2600,13.3100,13.3200,13.3300,13.3400,13.3500,2880,1,365,439,142,379,1397,1253,1664,4479
SZ,000001,2019-06-20 09:47:21,13.3000,5,766144.0000,576,S,13.3000,13.2900,13.2800,13.2700,13.2600,13.3100,13.3200,13.3300,13.3400,13.3500,2387,1,365,439,142,385,1397,1263,1664,4480
SZ,000001,2019-06-20 09:47:24,13.3100,9,182288.0000,137,B,13.3000,13.2900,13.2800,13.2700,13.2600,13.3100,13.3200,13.3300,13.3400,13.3500,2334,1,360,439,142,560,1387,1263,1674,4482
SZ,000001,2019-06-20 09:47:27,13.3100,8,102448.0000,77,B,13.3000,13.2900,13.2800,13.2700,13.2600,13.3100,13.3200,13.3300,13.3400,13.3500,2294,1,384,459,172,632,1504,1291,1674,4494
SZ,000001,2019-06-20 09:47:30,13.3000,9,118400.0000,89,S,13.3000,13.2900,13.2800,13.2700,13.2600,13.3100,13.3200,13.3300,13.3400,13.3500,2425,56,384,459,172,645,1517,1311,1674,4494
SZ,000001,2019-06-20 09:47:33,13.3100,5,50560.0000,38,B,13.3000,13.2900,13.2800,13.2700,13.2600,13.3100,13.3200,13.3300,13.3400,13.3500,2419,56,384,459,172,778,1517,1326,1730,4504
SZ,000001,2019-06-20 09:47:36,13.3100,6,97104.0000,73,B,13.3000,13.2900,13.2800,13.2700,13.2600,13.3100,13.3200,13.3300,13.3400,13.3500,2360,57,384,459,172,771,1527,1326,1736,4518
SZ,000001,2019-06-20 09:47:39,13.3000,30,771904.0000,580,S,13.3000,13.2900,13.2800,13.2700,13.2600,13.3100,13.3200,13.3300,13.3400,13.3500,2339,57,374,459,172,485,1577,1316,1736,4569
SZ,000001,2019-06-20 09:47:42,13.3100,10,1467088.0000,1103,B,13.3000,13.2900,13.2800,13.2700,13.2600,13.3100,13.3200,13.3300,13.3400,13.3500,1339,57,327,459,172,511,1677,1266,1734,4568
SZ,000001,2019-06-20 09:47:45,13.3100,43,904832.0000,680,B,13.3000,13.2900,13.2800,13.2700,13.2600,13.3100,13.3200,13.3300,13.3400,13.3500,1085,57,327,459,172,126,1677,1276,1739,4575
SZ,000001,2019-06-20 09:47:48,13.3100,79,2284128.0000,1715,B,13.3100,13.3000,13.2900,13.2800,13.2700,13.3200,13.3300,13.3400,13.3500,13.3600,1,1131,76,347,459,273,1279,1742,4625,1490
SZ,000001,2019-06-20 09:47:51,13.3100,13,636128.0000,478,S,13.3000,13.2900,13.2800,13.2700,13.2600,13.3100,13.3200,13.3300,13.3400,13.3500,1022,66,347,459,172,683,296,1315,1761,4626
SZ,000001,2019-06-20 09:47:54,13.3100,7,883776.0000,664,B,13.3000,13.2900,13.2800,13.2700,13.2600,13.3100,13.3200,13.3300,13.3400,13.3500,1017,76,357,459,172,19,324,1305,1761,4623
SZ,000001,2019-06-20 09:47:57,13.3300,35,817856.0000,614,B,13.3000,13.2900,13.2800,13.2700,13.2600,13.3100,13.3300,13.3400,13.3500,13.3600,1012,76,357,459,172,27,1169,1796,4617,1528
SZ,000001,2019-06-20 09:48:00,13.3300,52,1912256.0000,1437,B,13.3000,13.2900,13.2800,13.2700,13.2600,13.3300,13.3400,13.3500,13.3600,13.3700,449,76,357,459,172,912,1796,4617,1678,1367
SZ,000001,2019-06-20 09:48:03,13.3200,14,222528.0000,167,B,13.3100,13.3000,13.2900,13.2800,13.2700,13.3200,13.3300,13.3400,13.3500,13.3600,22,408,76,357,459,99,1026,1818,4617,1678
SZ,000001,2019-06-20 09:48:06,13.3100,24,696656.0000,523,S,13.3100,13.3000,13.2900,13.2800,13.2700,13.3200,13.3300,13.3400,13.3500,13.3600,288,125,66,357,459,10,943,1808,4657,1678
SZ,000001,2019-06-20 09:48:09,13.3100,7,66560.0000,50,S,13.3100,13.3000,13.2900,13.2800,13.2700,13.3200,13.3300,13.3400,13.3500,13.3600,353,125,66,361,459,150,963,1808,4657,1678
SZ,000001,2019-06-20 09:48:12,13.3200,68,1290160.0000,968,B,13.3200,13.3100,13.3000,13.2900,13.2800,13.3300,13.3400,13.3500,13.3600,13.3700,80,389,125,66,328,183,1811,4647,1668,1362
SZ,000001,2019-06-20 09:48:15,13.3200,4,50608.0000,38,S,13.3200,13.3100,13.3000,13.2900,13.2800,13.3300,13.3400,13.3500,13.3600,13.3700,171,399,82,66,328,176,1825,4647,1787,1347
SZ,000001,2019-06-20 09:48:18,13.3300,5,199936.0000,150,B,13.3200,13.3100,13.3000,13.2900,13.2800,13.3300,13.3400,13.3500,13.3600,13.3700,414,153,82,76,324,169,1842,4663,1827,1347
SZ,000001,2019-06-20 09:48:21,13.3200,13,93264.0000,70,S,13.3200,13.3100,13.3000,13.2900,13.2800,13.3300,13.3400,13.3500,13.3600,13.3700,397,154,82,76,324,179,1852,4673,1827,1367
SZ,000001,2019-06-20 09:48:24,13.3200,14,242464.0000,182,S,13.3200,13.3100,13.3000,13.2900,13.2800,13.3300,13.3400,13.3500,13.3600,13.3700,254,154,87,76,324,324,1903,4599,1828,1371
SZ,000001,2019-06-20 09:48:27,13.3300,4,19984.0000,15,B,13.3200,13.3100,13.3000,13.2900,13.2800,13.3300,13.3400,13.3500,13.3600,13.3700,249,154,87,76,324,850,1926,4623,2157,1374
SZ,000001,2019-06-20 09:48:30,13.3300,13,355680.0000,267,B,13.3200,13.3100,13.3000,13.2900,13.2800,13.3300,13.3400,13.3500,13.3600,13.3700,46,138,24,76,324,1067,1946,4620,2182,1374
SZ,000001,2019-06-20 09:48:33,13.3200,20,250448.0000,188,S,13.3100,13.3000,13.2900,13.2800,13.2700,13.3200,13.3300,13.3400,13.3500,13.3600,135,24,76,330,489,694,1155,1947,4625,2182
SZ,000001,2019-06-20 09:48:36,13.3200,38,1011408.0000,759,B,13.3100,13.3000,13.2900,13.2800,13.2700,13.3200,13.3300,13.3400,13.3500,13.3600,404,53,86,330,489,73,799,1947,4643,2193
SZ,000001,2019-06-20 09:48:39,13.3300,10,361056.0000,271,B,13.3200,13.3100,13.3000,13.2900,13.2800,13.3300,13.3400,13.3500,13.3600,13.3700,46,377,53,96,330,745,1947,4651,2193,1377
SZ,000001,2019-06-20 09:48:42,13.3200,5,45312.0000,34,S,13.3200,13.3100,13.3000,13.2900,13.2800,13.3300,13.3400,13.3500,13.3600,13.3700,394,100,44,96,330,790,1897,4653,2193,1407
SZ,000001,2019-06-20 09:48:45,13.3200,7,87920.0000,66,S,13.3200,13.3100,13.3000,13.2900,13.2800,13.3300,13.3400,13.3500,13.3600,13.3700,439,99,44,97,330,824,1907,4700,2193,1407
SZ,000001,2019-06-20 09:48:48,13.3200,12,636896.0000,478,S,13.3200,13.3100,13.3000,13.2900,13.2800,13.3300,13.3400,13.3500,13.3600,13.3700,196,99,44,97,330,714,1912,4709,2193,1409
SZ,000001,2019-06-20 09:48:51,13.3300,25,334368.0000,251,B,13.3200,13.3100,13.3000,13.2900,13.2800,13.3300,13.3400,13.3500,13.3600,13.3700,77,99,53,177,330,1750,2083,4660,2193,1409
SZ,000001,2019-06-20 09:48:54,13.3200,62,1913840.0000,1436,S,13.3100,13.3000,13.2900,13.2800,13.2700,13.3200,13.3300,13.3400,13.3500,13.3600,95,48,168,330,489,140,1311,2083,4662,2193
SZ,000001,2019-06-20 09:48:57,13.3200,10,207776.0000,156,B,13.3100,13.3000,13.2900,13.2800,13.2700,13.3200,13.3300,13.3400,13.3500,13.3600,43,63,168,330,489,446,1426,2117,4673,2193
SZ,000001,2019-06-20 09:49:00,13.3200,5,487520.0000,366,B,13.3100,13.3000,13.2900,13.2800,13.2700,13.3200,13.3300,13.3400,13.3500,13.3600,334,63,168,330,489,294,1784,2148,4683,2236
SZ,000001,2019-06-20 09:49:03,13.3200,14,118528.0000,89,B,13.3100,13.3000,13.2900,13.2800,13.2700,13.3200,13.3300,13.3400,13.3500,13.3600,342,63,186,330,489,295,1797,2147,4702,2241
SZ,000001,2019-06-20 09:49:06,13.3200,16,276992.0000,208,B,13.3100,13.3000,13.2900,13.2800,13.2700,13.3200,13.3300,13.3400,13.3500,13.3600,298,63,186,330,489,185,1807,2147,4702,2241
SZ,000001,2019-06-20 09:49:09,13.3200,35,856768.0000,644,B,13.2800,13.2700,13.2600,13.2500,13.2400,13.3100,13.3200,13.3300,13.3400,13.3500,313,489,185,2231,271,10,281,1731,2247,4702
SZ,000001,2019-06-20 09:49:12,13.3200,5,65248.0000,49,B,13.3100,13.2900,13.2800,13.2700,13.2600,13.3200,13.3300,13.3400,13.3500,13.3600,10,58,694,489,185,260,1771,2247,4702,2256
SZ,000001,2019-06-20 09:49:15,13.3200,39,650016.0000,488,B,13.3100,13.3000,13.2900,13.2800,13.2700,13.3200,13.3300,13.3400,13.3500,13.3600,3,11,58,683,489,564,1886,2247,4710,2256
SZ,000001,2019-06-20 09:49:18,13.3200,12,1170784.0000,879,B,13.3200,13.3100,13.3000,13.2900,13.2800,13.3300,13.3400,13.3500,13.3600,13.3700,6,251,38,42,416,1903,2257,4660,2265,1429
SZ,000001,2019-06-20 09:49:21,13.3200,25,395648.0000,297,S,13.3100,13.3000,13.2900,13.2800,13.2700,13.3200,13.3300,13.3400,13.3500,13.3600,409,38,42,324,489,42,2088,2257,4660,2270
SZ,000001,2019-06-20 09:49:24,13.3200,12,379616.0000,285,B,13.3100,13.3000,13.2900,13.2800,13.2700,13.3300,13.3400,13.3500,13.3600,13.3700,285,88,18,324,502,2088,2254,4670,2271,1433
SZ,000001,2019-06-20 09:49:27,13.3100,11,270528.0000,203,S,13.3100,13.3000,13.2900,13.2800,13.2700,13.3200,13.3300,13.3400,13.3500,13.3600,526,102,18,324,502,20,2043,2254,4670,2281
SZ,000001,2019-06-20 09:49:30,13.3100,9,799968.0000,601,S,13.3000,13.2900,13.2800,13.2700,13.2600,13.3100,13.3200,13.3300,13.3400,13.3500,102,18,324,502,187,426,908,2073,2253,4690
SZ,000001,2019-06-20 09:49:33,13.3100,5,370016.0000,278,B,13.3000,13.2900,13.2800,13.2700,13.2600,13.3100,13.3200,13.3300,13.3400,13.3500,110,77,324,502,187,222,998,2180,2303,4690
SZ,000001,2019-06-20 09:49:36,13.3100,6,43904.0000,33,B,13.3000,13.2900,13.2800,13.2700,13.2600,13.3100,13.3200,13.3300,13.3400,13.3500,279,87,324,502,187,462,1001,2215,2303,4701
SZ,000001,2019-06-20 09:49:39,13.3100,7,169024.0000,127,B,13.3000,13.2900,13.2800,13.2700,13.2600,13.3100,13.3200,13.3300,13.3400,13.3500,286,87,374,502,187,400,1038,2230,2303,4701
SZ,000001,2019-06-20 09:49:42,13.3100,12,543072.0000,408,B,13.3100,13.3000,13.2900,13.2800,13.2700,13.3200,13.3300,13.3400,13.3500,13.3600,139,291,87,374,497,922,2233,2283,4701,2194
SZ,000001,2019-06-20 09:49:45,13.3100,11,178432.0000,134,S,13.3100,13.3000,13.2900,13.2800,13.2700,13.3200,13.3300,13.3400,13.3500,13.3600,205,299,78,351,497,1024,2253,2288,4727,2194
SZ,000001,2019-06-20 09:49:48,13.3200,16,242240.0000,182,B,13.3100,13.3000,13.2900,13.2800,13.2700,13.3200,13.3300,13.3400,13.3500,13.3600,285,128,78,351,497,1075,2295,2298,4777,2194
SZ,000001,2019-06-20 09:49:51,13.3100,18,660192.0000,496,S,13.3100,13.3000,13.2900,13.2800,13.2700,13.3200,13.3300,13.3400,13.3500,13.3600,328,121,78,351,498,1077,2322,2308,4830,2189
SZ,000001,2019-06-20 09:49:54,13.3100,8,189024.0000,142,S,13.3100,13.3000,13.2900,13.2800,13.2700,13.3200,13.3300,13.3400,13.3500,13.3600,412,121,178,351,498,1302,2332,2315,4831,2189
SZ,000001,2019-06-20 09:49:57,13.3100,14,359392.0000,270,S,13.3100,13.3000,13.2900,13.2800,13.2700,13.3200,13.3300,13.3400,13.3500,13.3600,160,115,178,351,550,1366,2342,2315,4966,2189
SZ,000001,2019-06-20 09:50:00,13.3100,13,915648.0000,688,S,13.3000,13.2900,13.2800,13.2700,13.2600,13.3100,13.3200,13.3300,13.3400,13.3500,62,178,351,550,207,510,1365,2413,2325,4966
SZ,000001,2019-06-20 09:50:03,13.3100,14,194336.0000,146,B,13.3000,13.2900,13.2800,13.2700,13.2600,13.3100,13.3200,13.3300,13.3400,13.3500,40,189,351,550,207,486,1318,2274,2330,4992
SZ,000001,2019-06-20 09:50:06,13.3100,1,10656.0000,8,B,13.3000,13.2900,13.2800,13.2700,13.2600,13.3100,13.3200,13.3300,13.3400,13.3500,40,189,351,550,207,581,1348,2286,2330,4976
SZ,000001,2019-06-20 09:50:09,13.3000,11,276640.0000,208,S,13.2900,13.2800,13.2700,13.2600,13.2500,13.3000,13.3100,13.3200,13.3300,13.3400,189,351,550,207,2241,2069,580,1448,2294,2330
SZ,000001,2019-06-20 09:50:12,13.3000,6,179552.0000,135,B,13.2900,13.2800,13.2700,13.2600,13.2500,13.3000,13.3100,13.3200,13.3300,13.3400,198,420,550,207,2241,1934,620,1448,2299,2330
SZ,000001,2019-06-20 09:50:15,13.3000,5,62464.0000,47,B,13.2900,13.2800,13.2700,13.2600,13.2500,13.3000,13.3100,13.3200,13.3300,13.3400,71,420,530,207,2241,1947,767,1525,2337,2320
SZ,000001,2019-06-20 09:50:18,13.3000,5,107712.0000,81,B,13.2900,13.2800,13.2700,13.2600,13.2500,13.3000,13.3100,13.3200,13.3300,13.3400,30,420,530,207,2241,2009,767,1562,2348,2335
SZ,000001,2019-06-20 09:50:21,13.2900,7,719520.0000,541,S,13.2800,13.2700,13.2600,13.2500,13.2400,13.2900,13.3000,13.3100,13.3200,13.3300,420,530,207,2241,271,74,1545,760,1562,2343
SZ,000001,2019-06-20 09:50:24,13.2900,9,114272.0000,86,B,13.2800,13.2700,13.2600,13.2500,13.2400,13.2900,13.3000,13.3100,13.3200,13.3300,457,530,207,2241,271,12,1565,767,1577,2501
SZ,000001,2019-06-20 09:50:27,13.3000,9,1595584.0000,1200,B,13.2800,13.2700,13.2600,13.2500,13.2400,13.3000,13.3100,13.3200,13.3300,13.3400,257,614,207,2241,271,584,891,1581,2507,2335
SZ,000001,2019-06-20 09:50:30,13.3000,16,865632.0000,651,B,13.2800,13.2700,13.2600,13.2500,13.2400,13.3000,13.3100,13.3200,13.3300,13.3400,222,614,247,2241,271,194,901,1593,2503,2335
SZ,000001,2019-06-20 09:50:33,13.2800,10,104992.0000,79,S,13.2800,13.2700,13.2600,13.2500,13.2400,13.3000,13.3100,13.3200,13.3300,13.3400,236,614,437,2241,271,355,901,1582,2508,2335
SZ,000001,2019-06-20 09:50:36,13.2800,33,482592.0000,363,S,13.2800,13.2700,13.2600,13.2500,13.2400,13.2900,13.3000,13.3100,13.3200,13.3300,293,614,427,2241,271,7,125,901,1577,2517
SZ,000001,2019-06-20 09:50:39,13.3100,21,714592.0000,537,B,13.2800,13.2700,13.2600,13.2500,13.2400,13.2900,13.3000,13.3100,13.3200,13.3300,321,614,427,2149,271,5,10,532,1667,2428
SZ,000001,2019-06-20 09:50:42,13.3100,32,691936.0000,520,B,13.2800,13.2700,13.2600,13.2500,13.2400,13.3100,13.3200,13.3300,13.3400,13.3500,391,611,427,2169,271,177,1626,2428,2355,5352
SZ,000001,2019-06-20 09:50:45,13.3000,10,146368.0000,110,S,13.2800,13.2700,13.2600,13.2500,13.2400,13.2900,13.3000,13.3100,13.3200,13.3300,390,611,427,2169,271,107,110,100,1646,2438
SZ,000001,2019-06-20 09:50:48,13.2800,20,1317024.0000,992,S,13.2700,13.2600,13.2500,13.2400,13.2300,13.2800,13.2900,13.3000,13.3100,13.3200,655,427,2169,271,586,9,316,311,127,1654
SZ,000001,2019-06-20 09:50:51,13.3000,13,572896.0000,431,B,13.2900,13.2800,13.2700,13.2600,13.2500,13.3000,13.3100,13.3200,13.3300,13.3400,36,53,821,458,2169,265,197,1660,2446,2357
SZ,000001,2019-06-20 09:50:54,13.3000,7,70464.0000,53,B,13.2900,13.2800,13.2700,13.2600,13.2500,13.3000,13.3100,13.3200,13.3300,13.3400,34,135,603,457,2169,226,251,1684,2489,2357
SZ,000001,2019-06-20 09:50:57,13.2900,2,5344.0000,4,S,13.2900,13.2800,13.2700,13.2600,13.2500,13.3000,13.3100,13.3200,13.3300,13.3400,334,145,603,469,2174,285,639,1686,2494,2375
SZ,000001,2019-06-20 09:51:00,13.2900,10,89024.0000,67,S,13.2900,13.2800,13.2700,13.2600,13.2500,13.3000,13.3100,13.3200,13.3300,13.3400,402,196,603,469,2166,346,922,1655,2494,2375
SZ,000001,2019-06-20 09:51:03,13.2900,5,131584.0000,99,S,13.2900,13.2800,13.2700,13.2600,13.2500,13.3000,13.3100,13.3200,13.3300,13.3400,393,193,603,469,2166,346,1114,1655,2494,2375
SZ,000001,2019-06-20 09:51:06,13.2900,3,124928.0000,94,S,13.2900,13.2800,13.2700,13.2600,13.2500,13.3000,13.3100,13.3200,13.3300,13.3400,495,214,626,551,2166,384,1119,1656,2497,2375
SZ,000001,2019-06-20 09:51:09,13.2900,7,85088.0000,64,S,13.2900,13.2800,13.2700,13.2600,13.2500,13.3000,13.3100,13.3200,13.3300,13.3400,530,214,626,551,2166,452,1387,1667,2547,2375
SZ,000001,2019-06-20 09:51:12,13.3000,5,172864.0000,130,B,13.2900,13.2800,13.2700,13.2600,13.2500,13.3000,13.3100,13.3200,13.3300,13.3400,542,214,626,551,2166,355,1390,1697,2559,2374
SZ,000001,2019-06-20 09:51:15,13.2900,11,206016.0000,155,S,13.2900,13.2800,13.2700,13.2600,13.2500,13.3000,13.3100,13.3200,13.3300,13.3400,340,143,626,551,2169,410,1402,1697,2569,2274
SZ,000001,2019-06-20 09:51:18,13.2900,7,91744.0000,69,S,13.2900,13.2800,13.2700,13.2600,13.2500,13.3000,13.3100,13.3200,13.3300,13.3400,287,142,626,551,2174,566,1472,1677,2569,2274
SZ,000001,2019-06-20 09:51:21,13.3000,37,615776.0000,463,B,13.2900,13.2800,13.2700,13.2600,13.2500,13.3000,13.3100,13.3200,13.3300,13.3400,420,142,626,551,2174,132,1480,1258,2593,2274
SZ,000001,2019-06-20 09:51:24,13.3000,27,626752.0000,471,B,13.3000,13.2900,13.2800,13.2700,13.2600,13.3100,13.3200,13.3300,13.3400,13.3500,261,365,119,626,561,1438,1255,2613,2274,5512
SZ,000001,2019-06-20 09:51:27,13.3000,30,707936.0000,532,S,13.3000,13.2900,13.2800,13.2700,13.2600,13.3100,13.3200,13.3300,13.3400,13.3500,173,358,139,626,561,1075,1255,2713,2309,5512
SZ,000001,2019-06-20 09:51:30,13.3100,37,1966048.0000,1477,B,13.3100,13.3000,13.2900,13.2800,13.2700,13.3200,13.3300,13.3400,13.3500,13.3600,214,212,365,139,626,1095,2713,2309,5522,2355
SZ,000001,2019-06-20 09:51:33,13.2900,32,750688.0000,564,S,13.2900,13.2800,13.2700,13.2600,13.2500,13.3000,13.3100,13.3200,13.3300,13.3400,363,139,626,559,2217,466,23,927,2713,2309
SZ,000001,2019-06-20 09:51:36,13.3000,33,1063232.0000,799,B,13.3000,13.2900,13.2800,13.2700,13.2600,13.3100,13.3200,13.3300,13.3400,13.3500,1292,379,139,626,559,48,752,2719,2396,5535
SZ,000001,2019-06-20 09:51:39,13.3100,10,134432.0000,101,B,13.3100,13.3000,13.2900,13.2800,13.2700,13.3200,13.3300,13.3400,13.3500,13.3600,220,1388,370,139,626,762,2719,2396,5535,2455
SZ,000001,2019-06-20 09:51:42,13.3100,17,322080.0000,242,S,13.3100,13.3000,13.2900,13.2800,13.2700,13.3200,13.3300,13.3400,13.3500,13.3600,41,932,370,139,626,762,2709,2405,5535,2455
SZ,000001,2019-06-20 09:51:45,13.3000,14,392736.0000,295,S,13.3000,13.2900,13.2800,13.2700,13.2600,13.3200,13.3300,13.3400,13.3500,13.3600,515,502,139,626,565,604,2709,2405,5535,2455
SZ,000001,2019-06-20 09:51:48,13.3200,7,87872.0000,66,B,13.3000,13.2900,13.2800,13.2700,13.2600,13.3100,13.3200,13.3300,13.3400,13.3500,557,502,133,626,565,33,1614,2711,2387,5535
SZ,000001,2019-06-20 09:51:51,13.3100,11,103808.0000,78,B,13.3100,13.3000,13.2900,13.2800,13.2700,13.3200,13.3300,13.3400,13.3500,13.3600,244,579,452,134,626,1614,2711,2387,5535,2458
SZ,000001,2019-06-20 09:51:54,13.3200,17,399328.0000,300,B,13.3100,13.3000,13.2900,13.2800,13.2700,13.3200,13.3300,13.3400,13.3500,13.3600,7,707,462,134,626,1975,2711,2387,5535,2458
SZ,000001,2019-06-20 09:51:57,13.3200,6,18656.0000,14,B,13.3100,13.3000,13.2900,13.2800,13.2700,13.3200,13.3300,13.3400,13.3500,13.3600,4,657,462,134,626,1987,2657,2387,5535,2453
SZ,000001,2019-06-20 09:52:00,13.3200,27,536672.0000,403,B,13.3100,13.3000,13.2900,13.2800,13.2700,13.3200,13.3300,13.3400,13.3500,13.3600,6,713,462,134,626,1691,2651,2387,5562,2453
SZ,000001,2019-06-20 09:52:03,13.3000,6,137056.0000,103,S,13.3000,13.2900,13.2800,13.2700,13.2600,13.3100,13.3200,13.3300,13.3400,13.3500,675,462,133,646,563,171,2023,2653,2387,5682
SZ,000001,2019-06-20 09:52:06,13.3100,13,387392.0000,291,B,13.3100,13.3000,13.2900,13.2800,13.2700,13.3200,13.3300,13.3400,13.3500,13.3600,324,667,462,135,646,1970,2663,2387,5682,2423
SZ,000001,2019-06-20 09:52:09,13.3200,10,787232.0000,591,B,13.3100,13.3000,13.2900,13.2800,13.2700,13.3200,13.3300,13.3400,13.3500,13.3600,2605,667,462,135,646,1395,2573,2387,5700,2423
SZ,000001,2019-06-20 09:52:12,13.3100,13,1197440.0000,899,S,13.3100,13.3000,13.2900,13.2800,13.2700,13.3200,13.3300,13.3400,13.3500,13.3600,2597,667,462,135,646,620,2675,2337,5700,2423
SZ,000001,2019-06-20 09:52:15,13.3200,33,940384.0000,706,B,13.3200,13.3100,13.3000,13.2900,13.2800,13.3300,13.3400,13.3500,13.3600,13.3700,101,2729,667,462,170,2684,2337,5726,2423,1487
SZ,000001,2019-06-20 09:52:18,13.3200,12,1439456.0000,1081,S,13.3200,13.3100,13.3000,13.2900,13.2800,13.3300,13.3400,13.3500,13.3600,13.3700,21,2293,692,462,170,2629,2437,5746,2423,1487
SZ,000001,2019-06-20 09:52:21,13.3300,10,213216.0000,160,B,13.3100,13.3000,13.2900,13.2800,13.2700,13.3200,13.3300,13.3400,13.3500,13.3600,2293,692,379,170,606,58,2526,2440,5746,2423
SZ,000001,2019-06-20 09:52:24,13.3300,31,1534208.0000,1151,B,13.3200,13.3100,13.3000,13.2900,13.2800,13.3300,13.3400,13.3500,13.3600,13.3700,20,2290,697,379,170,1470,2440,5746,2423,1497
SZ,000001,2019-06-20 09:52:27,13.3300,7,210560.0000,158,B,13.3100,13.3000,13.2900,13.2800,13.2700,13.3300,13.3400,13.3500,13.3600,13.3700,2288,697,379,164,606,1350,2444,5746,2423,1497
SZ,000001,2019-06-20 09:52:30,13.3100,4,89184.0000,67,S,13.3100,13.3000,13.2900,13.2800,13.2700,13.3200,13.3300,13.3400,13.3500,13.3600,2227,697,379,166,606,2,1338,2447,5760,2423
SZ,000001,2019-06-20 09:52:33,13.3200,9,218496.0000,164,B,13.3200,13.3100,13.3000,13.2900,13.2800,13.3300,13.3400,13.3500,13.3600,13.3700,109,2294,697,379,166,1300,2412,5751,2423,1497
SZ,000001,2019-06-20 09:52:36,13.3300,11,102624.0000,77,B,13.3200,13.3100,13.3000,13.2900,13.2800,13.3300,13.3400,13.3500,13.3600,13.3700,2513,2298,697,379,166,1221,2427,5755,2423,1497
SZ,000001,2019-06-20 09:52:39,13.3200,6,143968.0000,108,S,13.3200,13.3100,13.3000,13.2900,13.2800,13.3300,13.3400,13.3500,13.3600,13.3700,2627,2231,697,333,156,970,2427,5724,2423,1497
SZ,000001,2019-06-20 09:52:42,13.3300,81,1571520.0000,1179,B,13.3200,13.3100,13.3000,13.2900,13.2800,13.3300,13.3400,13.3500,13.3600,13.3700,2472,2231,507,333,156,147,2437,5726,2423,1497
SZ,000001,2019-06-20 09:52:45,13.3300,7,439904.0000,330,B,13.3200,13.3100,13.3000,13.2900,13.2800,13.3300,13.3400,13.3500,13.3600,13.3700,97,2231,366,333,156,563,2427,5726,2423,1532
SZ,000001,2019-06-20 09:52:48,13.3300,15,803520.0000,603,B,13.3300,13.3200,13.3100,13.3000,13.2900,13.3400,13.3500,13.3600,13.3700,13.3800,592,159,2301,340,333,2427,5768,2433,1532,5553
SZ,000001,2019-06-20 09:52:51,13.3300,73,2731968.0000,2048,S,13.3300,13.3200,13.3100,13.3000,13.2900,13.3400,13.3500,13.3600,13.3700,13.3800,1029,252,2233,340,333,428,5768,2449,1532,5583
SZ,000001,2019-06-20 09:52:54,13.3500,69,4263776.0000,3198,B,13.3400,13.3300,13.3200,13.3100,13.3000,13.3500,13.3600,13.3700,13.3800,13.3900,129,520,222,2233,340,5472,2449,1532,5583,4242
SZ,000001,2019-06-20 09:52:57,13.3400,18,336352.0000,252,S,13.3400,13.3300,13.3200,13.3100,13.3000,13.3500,13.3600,13.3700,13.3800,13.3900,220,536,222,2233,340,5228,2428,1532,5583,4243
SZ,000001,2019-06-20 09:53:00,13.3500,24,515168.0000,386,B,13.3400,13.3300,13.3200,13.3100,13.3000,13.3500,13.3600,13.3700,13.3800,13.3900,82,536,222,2233,340,5034,2430,1532,5583,4243
SZ,000001,2019-06-20 09:53:03,13.3500,12,218912.0000,164,B,13.3400,13.3300,13.3200,13.3100,13.3000,13.3500,13.3600,13.3700,13.3800,13.3900,57,538,216,2233,340,4985,2425,1532,5583,4252
SZ,000001,2019-06-20 09:53:06,13.3400,11,117440.0000,88,S,13.3400,13.3300,13.3200,13.3100,13.3000,13.3500,13.3600,13.3700,13.3800,13.3900,33,538,221,2233,350,4936,2437,1532,5583,4254
SZ,000001,2019-06-20 09:53:09,13.3400,18,134784.0000,101,S,13.3400,13.3300,13.3200,13.3100,13.3000,13.3500,13.3600,13.3700,13.3800,13.3900,25,565,221,2233,284,4923,2437,1532,5658,4254
SZ,000001,2019-06-20 09:53:12,13.3500,31,567360.0000,425,B,13.3400,13.3300,13.3200,13.3100,13.3000,13.3500,13.3600,13.3700,13.3800,13.3900,19,566,215,2233,284,4519,2338,1542,5660,4244
SZ,000001,2019-06-20 09:53:15,13.3500,7,32000.0000,24,B,13.3400,13.3300,13.3200,13.3100,13.3000,13.3500,13.3600,13.3700,13.3800,13.3900,24,629,212,2253,284,4463,2323,1535,5660,4244
SZ,000001,2019-06-20 09:53:18,13.3400,8,46720.0000,35,S,13.3400,13.3300,13.3200,13.3100,13.3000,13.3500,13.3600,13.3700,13.3800,13.3900,1,629,112,2253,283,4408,2435,1553,5665,4244
SZ,000001,2019-06-20 09:53:21,13.3400,12,182752.0000,137,S,13.3300,13.3200,13.3100,13.3000,13.2900,13.3400,13.3500,13.3600,13.3700,13.3800,612,112,2253,308,353,20,4417,2435,1650,5665
SZ,000001,2019-06-20 09:53:24,13.3500,30,603360.0000,452,B,13.3300,13.3200,13.3100,13.3000,13.2900,13.3500,13.3600,13.3700,13.3800,13.3900,619,112,2253,208,353,4163,2440,1722,5665,4244
SZ,000001,2019-06-20 09:53:27,13.3500,244,5824416.0000,4363,B,13.3500,13.3400,13.3300,13.3200,13.3100,13.3600,13.3700,13.3800,13.3900,13.4000,90,318,619,112,2253,2435,1841,5666,4244,4637
SZ,000001,2019-06-20 09:53:30,13.3500,64,1608256.0000,1204,S,13.3500,13.3400,13.3300,13.3200,13.3100,13.3600,13.3700,13.3800,13.3900,13.4000,1172,321,556,112,2253,1531,1846,5584,4244,4637
SZ,000001,2019-06-20 09:53:33,13.3500,38,1432064.0000,1072,S,13.3500,13.3400,13.3300,13.3200,13.3100,13.3600,13.3700,13.3800,13.3900,13.4000,1289,321,496,113,2273,630,1963,5594,4224,4637
SZ,000001,2019-06-20 09:53:36,13.3600,70,1376256.0000,1030,B,13.3600,13.3500,13.3400,13.3300,13.3200,13.3700,13.3800,13.3900,13.4000,13.4100,363,1289,358,496,123,1761,5604,4219,4699,1629
SZ,000001,2019-06-20 09:53:39,13.3600,10,528032.0000,395,S,13.3600,13.3500,13.3400,13.3300,13.3200,13.3700,13.3800,13.3900,13.4000,13.4100,305,1242,296,498,145,1440,5537,4236,4683,1629
SZ,000001,2019-06-20 09:53:42,13.3600,8,255328.0000,191,S,13.3600,13.3500,13.3400,13.3300,13.3200,13.3700,13.3800,13.3900,13.4000,13.4100,322,1267,296,498,145,1267,5423,4226,4697,1629
SZ,000001,2019-06-20 09:53:45,13.3700,9,177792.0000,133,B,13.3600,13.3500,13.3400,13.3300,13.3200,13.3700,13.3800,13.3900,13.4000,13.4100,316,1267,296,498,120,1400,5423,4231,4937,1629
SZ,000001,2019-06-20 09:53:48,13.3600,18,217920.0000,163,S,13.3600,13.3500,13.3400,13.3300,13.3200,13.3700,13.3800,13.3900,13.4000,13.4100,568,1285,376,497,118,1270,5404,4291,5021,1629
SZ,000001,2019-06-20 09:53:51,13.3700,30,618688.0000,463,B,13.3600,13.3500,13.3400,13.3300,13.3200,13.3700,13.3800,13.3900,13.4000,13.4100,333,1141,376,497,120,1809,5404,4292,5009,1627
SZ,000001,2019-06-20 09:53:54,13.3700,38,549408.0000,411,B,13.3600,13.3500,13.3400,13.3300,13.3200,13.3700,13.3800,13.3900,13.4000,13.4100,361,1141,376,497,120,1534,5404,4289,5026,1666
SZ,000001,2019-06-20 09:53:57,13.3600,24,662816.0000,496,S,13.3600,13.3500,13.3400,13.3300,13.3200,13.3700,13.3800,13.3900,13.4000,13.4100,82,1141,376,497,120,1481,5408,4929,5038,1666
SZ,000001,2019-06-20 09:54:00,13.3700,23,330176.0000,247,B,13.3600,13.3500,13.3400,13.3300,13.3200,13.3700,13.3800,13.3900,13.4000,13.4100,27,453,376,497,120,1344,5513,4271,5038,1676
SZ,000001,2019-06-20 09:54:03,13.3600,20,280640.0000,210,S,13.3500,13.3400,13.3300,13.3200,13.3100,13.3600,13.3700,13.3800,13.3900,13.4000,248,333,497,122,828,20,2278,5493,4321,5040
SZ,000001,2019-06-20 09:54:06,13.3700,36,1791520.0000,1340,B,13.3600,13.3500,13.3400,13.3300,13.3200,13.3700,13.3800,13.3900,13.4000,13.4100,16,446,333,495,120,1679,5503,4321,5102,1712
SZ,000001,2019-06-20 09:54:09,13.3600,16,867488.0000,649,S,13.3500,13.3400,13.3300,13.3200,13.3100,13.3600,13.3700,13.3800,13.3900,13.4000,157,333,495,120,828,22,929,5528,4321,5114
SZ,000001,2019-06-20 09:54:12,13.3700,12,216416.0000,162,B,13.3500,13.3400,13.3300,13.3200,13.3100,13.3700,13.3800,13.3900,13.4000,13.4100,337,391,495,120,828,1067,5530,4325,5143,1705
SZ,000001,2019-06-20 09:54:15,13.3600,6,81568.0000,61,S,13.3500,13.3400,13.3300,13.3200,13.3100,13.3600,13.3700,13.3800,13.3900,13.4000,391,333,599,120,829,1,1150,5530,4329,5148
SZ,000001,2019-06-20 09:54:18,13.3600,10,163072.0000,122,B,13.3500,13.3400,13.3300,13.3200,13.3100,13.3600,13.3700,13.3800,13.3900,13.4000,393,333,599,120,829,20,1122,5530,4520,5157
SZ,000001,2019-06-20 09:54:21,13.3500,20,212320.0000,159,S,13.3500,13.3400,13.3300,13.3200,13.3100,13.3600,13.3700,13.3800,13.3900,13.4000,297,333,599,74,829,2,1224,5567,4370,5157
SZ,000001,2019-06-20 09:54:24,13.3600,9,100256.0000,75,B,13.3500,13.3400,13.3300,13.3200,13.3100,13.3600,13.3700,13.3800,13.3900,13.4000,299,333,1199,73,829,35,1281,5467,4573,5205
SZ,000001,2019-06-20 09:54:27,13.3600,14,428928.0000,321,B,13.3500,13.3400,13.3300,13.3200,13.3100,13.3600,13.3700,13.3800,13.3900,13.4000,293,333,1199,73,829,50,1476,5439,4578,5295
SZ,000001,2019-06-20 09:54:30,13.3500,18,245792.0000,184,S,13.3500,13.3400,13.3300,13.3200,13.3100,13.3600,13.3700,13.3800,13.3900,13.4000,285,399,1199,73,829,38,1534,5456,4588,5297
SZ,000001,2019-06-20 09:54:33,13.3600,9,76160.0000,57,B,13.3500,13.3400,13.3300,13.3200,13.3100,13.3600,13.3700,13.3800,13.3900,13.4000,353,338,1199,73,53,10,1747,5506,4602,5317
SZ,000001,2019-06-20 09:54:36,13.3500,11,72128.0000,54,S,13.3500,13.3400,13.3300,13.3200,13.3100,13.3600,13.3700,13.3800,13.3900,13.4000,708,363,1199,73,53,301,1920,5521,4602,5327
SZ,000001,2019-06-20 09:54:39,13.3500,9,201728.0000,151,S,13.3500,13.3400,13.3300,13.3200,13.3100,13.3600,13.3700,13.3800,13.3900,13.4000,583,363,1189,73,53,382,1939,5521,4612,5386
SZ,000001,2019-06-20 09:54:42,13.3500,5,13344.0000,10,S,13.3500,13.3400,13.3300,13.3200,13.3100,13.3600,13.3700,13.3800,13.3900,13.4000,580,363,1189,73,53,404,2056,5521,4617,5381
SZ,000001,2019-06-20 09:54:45,13.3600,22,428608.0000,321,B,13.3500,13.3400,13.3300,13.3200,13.3100,13.3600,13.3700,13.3800,13.3900,13.4000,347,363,1189,73,53,398,2169,5534,4646,5903
SZ,000001,2019-06-20 09:54:48,13.3600,10,152224.0000,114,B,13.3500,13.3400,13.3300,13.3200,13.3100,13.3600,13.3700,13.3800,13.3900,13.4000,369,363,1189,41,53,537,2269,5534,4646,5924
SZ,000001,2019-06-20 09:54:51,13.3600,33,974144.0000,729,B,13.3600,13.3500,13.3400,13.3300,13.3200,13.3700,13.3800,13.3900,13.4000,13.4100,16,335,1163,1189,41,2099,5544,4646,5924,1928
SZ,000001,2019-06-20 09:54:54,13.3600,9,261824.0000,196,S,13.3500,13.3400,13.3300,13.3200,13.3100,13.3600,13.3700,13.3800,13.3900,13.4000,343,1163,1189,41,53,449,2112,5766,4745,5924
SZ,000001,2019-06-20 09:54:57,13.3600,5,148288.0000,111,B,13.3500,13.3400,13.3300,13.3200,13.3100,13.3600,13.3700,13.3800,13.3900,13.4000,111,1163,1189,41,53,396,2053,5771,4745,5924
SZ,000001,2019-06-20 09:55:00,13.3500,31,678592.0000,508,S,13.3500,13.3400,13.3300,13.3200,13.3100,13.3600,13.3700,13.3800,13.3900,13.4000,155,1163,1189,41,59,21,2061,5510,4745,5924
SZ,000001,2019-06-20 09:55:03,13.3700,18,333952.0000,250,B,13.3500,13.3400,13.3300,13.3200,13.3100,13.3700,13.3800,13.3900,13.4000,13.4100,210,2163,1189,41,69,1993,5548,4766,5969,1918
SZ,000001,2019-06-20 09:55:06,13.3600,11,203104.0000,152,S,13.3600,13.3500,13.3400,13.3300,13.3200,13.3700,13.3800,13.3900,13.4000,13.4100,115,182,2163,1191,41,1965,5543,4766,6039,1928
SZ,000001,2019-06-20 09:55:09,13.3600,16,386016.0000,289,S,13.3500,13.3400,13.3300,13.3200,13.3100,13.3600,13.3700,13.3800,13.3900,13.4000,182,2163,1191,41,69,79,2334,5533,4766,6050
SZ,000001,2019-06-20 09:55:12,13.3700,43,1386112.0000,1037,B,13.3500,13.3400,13.3300,13.3200,13.3100,13.3700,13.3800,13.3900,13.4000,13.4100,179,2163,1191,41,69,1665,5535,4826,6049,1944
SZ,000001,2019-06-20 09:55:15,13.3700,9,220544.0000,165,B,13.3600,13.3500,13.3400,13.3300,13.3200,13.3700,13.3800,13.3900,13.4000,13.4100,10,179,2159,1191,41,1561,5555,4826,6063,1947
SZ,000001,2019-06-20 09:55:18,13.3600,19,479808.0000,359,S,13.3500,13.3400,13.3300,13.3200,13.3100,13.3600,13.3700,13.3800,13.3900,13.4000,174,2159,1191,41,69,18,1442,5555,4826,6064
SZ,000001,2019-06-20 09:55:21,13.3500,9,245824.0000,184,S,13.3500,13.3400,13.3300,13.3200,13.3100,13.3600,13.3700,13.3800,13.3900,13.4000,218,2159,1191,41,69,18,1752,5555,4856,6046
SZ,000001,2019-06-20 09:55:24,13.3700,53,1638976.0000,1226,B,13.3600,13.3500,13.3400,13.3300,13.3200,13.3700,13.3800,13.3900,13.4000,13.4100,505,209,2159,1189,41,927,5555,4889,6050,1989
SZ,000001,2019-06-20 09:55:27,13.3700,34,1420320.0000,1062,B,13.3700,13.3600,13.3500,13.3400,13.3300,13.3800,13.3900,13.4000,13.4100,13.4200,75,443,286,2159,1189,5560,4876,6060,1994,864
SZ,000001,2019-06-20 09:55:30,13.3800,23,477568.0000,357,B,13.3700,13.3600,13.3500,13.3400,13.3300,13.3800,13.3900,13.4000,13.4100,13.4200,561,430,286,2159,1189,5302,4866,6043,1979,872
SZ,000001,2019-06-20 09:55:33,13.3700,11,539040.0000,403,S,13.3700,13.3600,13.3500,13.3400,13.3300,13.3800,13.3900,13.4000,13.4100,13.4200,461,432,192,2159,1189,5055,4866,6063,1979,882
SZ,000001,2019-06-20 09:55:36,13.3800,11,532480.0000,398,B,13.3700,13.3600,13.3500,13.3400,13.3300,13.3800,13.3900,13.4000,13.4100,13.4200,532,435,222,2159,1189,4703,4868,6029,1979,882
SZ,000001,2019-06-20 09:55:39,13.3700,16,1470880.0000,1100,S,13.3700,13.3600,13.3500,13.3400,13.3300,13.3800,13.3900,13.4000,13.4100,13.4200,2216,415,222,2159,1189,4522,4860,6044,1979,882
SZ,000001,2019-06-20 09:55:42,13.3800,24,961984.0000,719,B,13.3700,13.3600,13.3500,13.3400,13.3300,13.3800,13.3900,13.4000,13.4100,13.4200,2306,434,220,2160,1189,3840,4948,6174,1979,892
SZ,000001,2019-06-20 09:55:45,13.3800,50,1105120.0000,826,B,13.3700,13.3600,13.3500,13.3400,13.3300,13.3800,13.3900,13.4000,13.4100,13.4200,2411,434,90,2160,1189,3161,4948,6268,1979,922
SZ,000001,2019-06-20 09:55:48,13.3800,194,5544064.0000,4143,B,13.3800,13.3700,13.3600,13.3500,13.3400,13.3900,13.4000,13.4100,13.4200,13.4300,462,2376,437,90,2160,4240,6255,1979,932,841
SZ,000001,2019-06-20 09:55:51,13.3900,64,2124928.0000,1587,B,13.3800,13.3700,13.3600,13.3500,13.3400,13.3900,13.4000,13.4100,13.4200,13.4300,539,2305,437,58,2159,2639,6315,1979,935,841
SZ,000001,2019-06-20 09:55:54,13.3800,62,1051104.0000,785,S,13.3800,13.3700,13.3600,13.3500,13.3400,13.3900,13.4000,13.4100,13.4200,13.4300,533,2275,384,58,2159,1861,6315,1979,967,861
SZ,000001,2019-06-20 09:55:57,13.3800,53,897120.0000,670,S,13.3800,13.3700,13.3600,13.3500,13.3400,13.3900,13.4000,13.4100,13.4200,13.4300,872,2274,385,56,2159,1236,6304,1979,959,851
SZ,000001,2019-06-20 09:56:00,13.3900,13,357440.0000,267,B,13.3800,13.3700,13.3600,13.3500,13.3400,13.3900,13.4000,13.4100,13.4200,13.4300,1030,2294,385,56,2159,1120,6222,1977,958,841
SZ,000001,2019-06-20 09:56:03,13.3900,34,538208.0000,402,B,13.3800,13.3700,13.3600,13.3500,13.3400,13.3900,13.4000,13.4100,13.4200,13.4300,940,2334,385,63,2159,1028,6222,1978,1059,841
SZ,000001,2019-06-20 09:56:06,13.3900,47,1708736.0000,1277,B,13.3900,13.3800,13.3700,13.3600,13.3500,13.4000,13.4100,13.4200,13.4300,13.4400,3131,925,2334,385,69,6257,1978,1059,841,1092
SZ,000001,2019-06-20 09:56:09,13.3900,28,526368.0000,393,S,13.3900,13.3800,13.3700,13.3600,13.3500,13.4000,13.4100,13.4200,13.4300,13.4400,3785,879,2334,737,102,6234,1971,1049,851,1091
SZ,000001,2019-06-20 09:56:12,13.4000,9,227648.0000,170,B,13.3900,13.3800,13.3700,13.3600,13.3500,13.4000,13.4100,13.4200,13.4300,13.4400,3715,1379,2339,737,102,7599,1971,1095,851,1091
SZ,000001,2019-06-20 09:56:15,13.4000,13,104512.0000,78,B,13.3900,13.3800,13.3700,13.3600,13.3500,13.4000,13.4100,13.4200,13.4300,13.4400,4092,1383,2339,737,102,7408,2019,1145,860,1091
SZ,000001,2019-06-20 09:56:18,13.4000,15,278656.0000,208,B,13.3900,13.3800,13.3700,13.3600,13.3500,13.4000,13.4100,13.4200,13.4300,13.4400,4031,1236,2233,383,102,8082,2019,1145,930,1091
SZ,000001,2019-06-20 09:56:21,13.4000,55,1105472.0000,825,B,13.3900,13.3800,13.3700,13.3600,13.3500,13.4000,13.4100,13.4200,13.4300,13.4400,4001,1202,2230,380,110,7282,2019,1145,1598,1141
SZ,000001,2019-06-20 09:56:24,13.4000,37,1691040.0000,1262,B,13.3900,13.3800,13.3700,13.3600,13.3500,13.4000,13.4100,13.4200,13.4300,13.4400,3881,1202,2230,370,110,6286,2019,1145,1583,1141
SZ,000001,2019-06-20 09:56:27,13.4000,14,383104.0000,286,B,13.3900,13.3800,13.3700,13.3600,13.3500,13.4000,13.4100,13.4200,13.4300,13.4400,3789,1202,2230,370,103,6278,2011,1133,1583,1141
SZ,000001,2019-06-20 09:56:30,13.4000,35,509088.0000,380,B,13.3900,13.3800,13.3700,13.3600,13.3500,13.4000,13.4100,13.4200,13.4300,13.4400,3767,1202,2230,388,103,6022,2040,1204,1583,1141
SZ,000001,2019-06-20 09:56:33,13.4000,48,836096.0000,624,B,13.3900,13.3800,13.3700,13.3600,13.3500,13.4000,13.4100,13.4200,13.4300,13.4400,3742,1122,2228,538,103,5664,2040,1212,1583,1151
SZ,000001,2019-06-20 09:56:36,13.4000,15,335008.0000,250,B,13.3900,13.3800,13.3700,13.3600,13.3500,13.4000,13.4100,13.4200,13.4300,13.4400,3708,1123,2228,538,103,5445,2040,1222,1583,1151
SZ,000001,2019-06-20 09:56:39,13.4000,11,179520.0000,134,B,13.3900,13.3800,13.3700,13.3600,13.3500,13.4000,13.4100,13.4200,13.4300,13.4400,3678,1095,2234,538,103,5471,2038,1222,1603,1651
SZ,000001,2019-06-20 09:56:42,13.4000,8,127264.0000,95,B,13.3900,13.3800,13.3700,13.3600,13.3500,13.4000,13.4100,13.4200,13.4300,13.4400,3653,1095,2234,541,103,5510,2038,1222,1633,1657
SZ,000001,2019-06-20 09:56:45,13.4000,20,276032.0000,206,B,13.3900,13.3800,13.3700,13.3600,13.3500,13.4000,13.4100,13.4200,13.4300,13.4400,3635,1064,2234,541,103,5347,2067,1221,1707,1670
SZ,000001,2019-06-20 09:56:48,13.4000,33,2116000.0000,1580,B,13.3900,13.3800,13.3700,13.3600,13.3500,13.4000,13.4100,13.4200,13.4300,13.4400,2447,1064,2234,538,103,5608,2071,1221,1707,1670
SZ,000001,2019-06-20 09:56:51,13.4000,40,1204096.0000,899,B,13.3900,13.3800,13.3700,13.3600,13.3500,13.4000,13.4100,13.4200,13.4300,13.4400,1893,964,2224,538,103,5305,2071,1232,1707,1670
SZ,000001,2019-06-20 09:56:54,13.3900,31,606880.0000,453,S,13.3900,13.3800,13.3700,13.3600,13.3500,13.4000,13.4100,13.4200,13.4300,13.4400,1731,960,2224,538,103,5118,2078,1232,1727,1670
SZ,000001,2019-06-20 09:56:57,13.3900,52,2240288.0000,1673,S,13.3900,13.3800,13.3700,13.3600,13.3500,13.4000,13.4100,13.4200,13.4300,13.4400,225,960,2223,538,83,5125,2098,1242,1727,1670
SZ,000001,2019-06-20 09:57:00,13.3900,22,1384288.0000,1033,S,13.3800,13.3700,13.3600,13.3500,13.3400,13.3900,13.4000,13.4100,13.4200,13.4300,1052,2223,538,83,1209,346,5190,2098,1242,1777
SZ,000001,2019-06-20 09:57:03,13.3900,15,452608.0000,338,B,13.3800,13.3700,13.3600,13.3500,13.3400,13.3900,13.4000,13.4100,13.4200,13.4300,1198,2223,538,77,1209,2718,5214,2098,1246,1777
SZ,000001,2019-06-20 09:57:06,13.3900,7,28096.0000,21,B,13.3800,13.3700,13.3600,13.3500,13.3400,13.3900,13.4000,13.4100,13.4200,13.4300,1220,2223,540,77,1209,2924,5321,2098,1246,1777
SZ,000001,2019-06-20 09:57:09,13.3900,17,1000192.0000,747,B,13.3800,13.3700,13.3600,13.3500,13.3400,13.3900,13.4000,13.4100,13.4200,13.4300,1182,2223,540,107,1209,2242,5411,2102,1262,1778
SZ,000001,2019-06-20 09:57:12,13.3900,13,721600.0000,539,B,13.3800,13.3700,13.3600,13.3500,13.3400,13.3900,13.4000,13.4100,13.4200,13.4300,1020,2223,540,107,1209,1904,5402,2102,1268,1778
SZ,000001,2019-06-20 09:57:15,13.3900,14,1715232.0000,1281,B,13.3800,13.3700,13.3600,13.3500,13.3400,13.3900,13.4000,13.4100,13.4200,13.4300,1071,2223,540,107,1209,685,5959,2101,1268,1780
SZ,000001,2019-06-20 09:57:18,13.3800,7,202176.0000,151,S,13.3800,13.3700,13.3600,13.3500,13.3400,13.3900,13.4000,13.4100,13.4200,13.4300,1012,2242,526,107,1209,615,6164,2101,1268,1800
SZ,000001,2019-06-20 09:57:21,13.3800,14,559616.0000,418,S,13.3800,13.3700,13.3600,13.3500,13.3400,13.3900,13.4000,13.4100,13.4200,13.4300,913,2242,526,107,1209,464,6239,2101,1268,1760
SZ,000001,2019-06-20 09:57:24,13.3800,19,281152.0000,210,S,13.3800,13.3700,13.3600,13.3500,13.3400,13.3900,13.4000,13.4100,13.4200,13.4300,1018,2242,526,100,1209,388,6234,2101,1294,1769
SZ,000001,2019-06-20 09:57:27,13.3800,31,417696.0000,312,S,13.3800,13.3700,13.3600,13.3500,13.3400,13.3900,13.4000,13.4100,13.4200,13.4300,923,2242,526,108,1209,469,6334,2111,1284,1770
SZ,000001,2019-06-20 09:57:30,13.3900,15,377344.0000,282,B,13.3800,13.3700,13.3600,13.3500,13.3400,13.3900,13.4000,13.4100,13.4200,13.4300,692,2242,526,108,1209,671,6363,2111,1284,1770
