市场代码,证券代码,时间,最新价,成交笔数,成交额,成交量,方向,买一价,买二价,买三价,买四价,买五价,卖一价,卖二价,卖三价,卖四价,卖五价,买一量,买二量,买三量,买四量,买五量,卖一量,卖二量,卖三量,卖四量,卖五量
SZ,000001,2019-06-18 09:25:03,12.6700,119,1706649.0000,1347,B,12.6600,12.6500,12.6400,12.6300,12.6200,12.6700,12.6800,12.6900,12.7000,12.7200,6,100,81,50,218,369,11,7,43,95
SZ,000001,2019-06-18 09:30:00,12.6600,1,1266.0000,1,S,12.6600,12.6500,12.6400,12.6300,12.6200,12.6700,12.6800,12.6900,12.7000,12.7200,5,100,81,50,218,369,11,7,43,95
SZ,000001,2019-06-18 09:30:03,12.6700,133,4014099.0000,3161,B,12.6700,12.6600,12.6500,12.6400,12.6300,12.6800,12.7000,12.7200,12.7400,12.7500,118,1058,1093,107,333,10,4,25,1017,274
SZ,000001,2019-06-18 09:30:06,12.6900,39,287643.0000,227,B,12.6700,12.6600,12.6500,12.6400,12.6300,12.7000,12.7200,12.7300,12.7400,12.7500,1,183,1193,107,852,16,25,10,1017,274
SZ,000001,2019-06-18 09:30:09,12.7000,14,69732.0000,55,B,12.7000,12.6700,12.6600,12.6500,12.6400,12.7100,12.7200,12.7300,12.7400,12.7500,2,48,179,1213,107,20,37,10,1017,274
SZ,000001,2019-06-18 09:30:12,12.7100,6,44431.0000,35,B,12.7000,12.6700,12.6600,12.6500,12.6400,12.7100,12.7200,12.7300,12.7400,12.7500,8,1109,337,1213,107,8,37,10,1017,274
SZ,000001,2019-06-18 09:30:15,12.7200,9,61032.0000,48,B,12.7100,12.7000,12.6700,12.6600,12.6500,12.7200,12.7300,12.7400,12.7500,12.7600,16,3,1119,279,1213,5,10,1017,274,721
SZ,000001,2019-06-18 09:30:18,12.7100,4,30527.0000,24,S,12.7100,12.7000,12.6700,12.6600,12.6500,12.7200,12.7300,12.7400,12.7500,12.7600,16,13,1075,279,1213,126,10,1017,274,721
SZ,000001,2019-06-18 09:30:21,12.7200,3,24165.0000,19,B,12.7100,12.7000,12.6700,12.6600,12.6500,12.7200,12.7300,12.7400,12.7500,12.7600,36,13,1075,320,1213,143,96,1017,274,721
SZ,000001,2019-06-18 09:30:24,12.7200,2,6360.0000,5,B,12.7100,12.7000,12.6700,12.6600,12.6500,12.7200,12.7300,12.7400,12.7500,12.7600,1206,13,32,217,1213,153,96,1017,267,721
SZ,000001,2019-06-18 09:30:27,12.7200,5,54676.0000,43,B,12.7100,12.7000,12.6700,12.6600,12.6500,12.7200,12.7300,12.7400,12.7500,12.7600,1214,13,33,217,1213,130,131,1017,267,721
SZ,000001,2019-06-18 09:30:30,12.7200,20,296203.0000,233,B,12.7000,12.6800,12.6700,12.6600,12.6500,12.7200,12.7300,12.7400,12.7500,12.7600,135,1027,33,217,1213,193,131,1017,267,721
SZ,000001,2019-06-18 09:30:33,12.7000,10,242578.0000,191,S,12.6800,12.6700,12.6600,12.6500,12.6400,12.7000,12.7200,12.7300,12.7400,12.7500,1027,32,217,1213,87,454,246,170,1117,267
SZ,000001,2019-06-18 09:30:36,12.7000,6,397260.0000,313,B,12.6800,12.6700,12.6600,12.6500,12.6400,12.7000,12.7100,12.7200,12.7300,12.7400,913,32,217,1213,87,342,38,240,390,1117
SZ,000001,2019-06-18 09:30:39,12.7200,12,649270.0000,511,B,12.7000,12.6800,12.6700,12.6600,12.6500,12.7200,12.7300,12.7400,12.7500,12.7600,95,904,32,215,1213,57,390,1117,267,712
SZ,000001,2019-06-18 09:30:42,12.7200,3,19074.0000,15,B,12.7000,12.6800,12.6700,12.6600,12.6500,12.7200,12.7300,12.7400,12.7500,12.7600,130,904,32,215,1213,59,410,1117,265,712
SZ,000001,2019-06-18 09:30:45,12.7100,3,3813.0000,3,S,12.7100,12.7000,12.6800,12.6700,12.6600,12.7200,12.7300,12.7400,12.7500,12.7600,8,142,904,32,460,117,510,1117,265,712
SZ,000001,2019-06-18 09:30:48,12.7100,7,19065.0000,15,S,12.7100,12.7000,12.6900,12.6800,12.6700,12.7200,12.7300,12.7400,12.7500,12.7600,2,227,10,2,32,202,510,1117,265,712
SZ,000001,2019-06-18 09:30:51,12.7100,7,25420.0000,20,S,12.7000,12.6900,12.6800,12.6700,12.6600,12.7100,12.7200,12.7300,12.7400,12.7500,243,10,2,32,460,70,1234,510,1117,265
SZ,000001,2019-06-18 09:30:54,12.7100,6,57157.0000,45,B,12.7000,12.6900,12.6800,12.6700,12.6600,12.7100,12.7200,12.7300,12.7400,12.7500,120,10,2,32,480,72,1235,514,1117,263
SZ,000001,2019-06-18 09:30:57,12.7100,18,167653.0000,132,B,12.7000,12.6900,12.6800,12.6700,12.6600,12.7100,12.7200,12.7300,12.7400,12.7500,1,10,2,1059,480,139,1235,514,1117,309
SZ,000001,2019-06-18 09:31:00,12.7000,7,27954.0000,22,S,12.7000,12.6900,12.6800,12.6700,12.6600,12.7100,12.7200,12.7300,12.7400,12.7500,1,8,2,1059,480,179,1233,524,1117,311
SZ,000001,2019-06-18 09:31:03,12.7000,16,78691.0000,62,S,12.6800,12.6700,12.6600,12.6500,12.6400,12.7000,12.7100,12.7200,12.7300,12.7400,2,1064,480,1258,98,19,213,1244,526,1117
SZ,000001,2019-06-18 09:31:06,12.7000,28,303683.0000,239,B,12.6800,12.6700,12.6600,12.6500,12.6400,12.7000,12.7100,12.7200,12.7300,12.7400,1026,37,439,1258,98,45,42,1244,526,1137
SZ,000001,2019-06-18 09:31:09,12.6900,4,11425.0000,9,S,12.6900,12.6800,12.6700,12.6600,12.6500,12.7000,12.7100,12.7200,12.7300,12.7400,85,1026,37,439,1258,42,134,844,522,1137
SZ,000001,2019-06-18 09:31:12,12.6900,10,115567.0000,91,S,12.6900,12.6800,12.6700,12.6600,12.6500,12.7000,12.7100,12.7200,12.7300,12.7400,110,1026,37,439,1258,562,434,844,522,1137
SZ,000001,2019-06-18 09:31:15,12.7000,1,2540.0000,2,B,12.6900,12.6800,12.6700,12.6600,12.6500,12.7000,12.7100,12.7200,12.7300,12.7400,121,1026,27,439,1258,560,519,844,522,1137
SZ,000001,2019-06-18 09:31:18,12.7000,5,49501.0000,39,B,12.6900,12.6800,12.6700,12.6600,12.6500,12.7000,12.7100,12.7200,12.7300,12.7400,94,1026,27,439,1258,550,518,812,522,1137
SZ,000001,2019-06-18 09:31:21,12.6900,10,238699.0000,188,S,12.6900,12.6800,12.6700,12.6600,12.6500,12.7000,12.7100,12.7200,12.7300,12.7400,124,1026,27,439,1258,440,518,793,522,1161
SZ,000001,2019-06-18 09:31:24,12.6900,11,546041.0000,430,S,12.6900,12.6800,12.6700,12.6600,12.6500,12.7000,12.7100,12.7200,12.7300,12.7400,264,1026,27,439,1258,69,418,793,522,1161
SZ,000001,2019-06-18 09:31:27,12.6900,9,44449.0000,35,S,12.6900,12.6800,12.6700,12.6600,12.6500,12.7000,12.7100,12.7200,12.7300,12.7400,273,1026,27,439,1263,67,418,793,522,1161
SZ,000001,2019-06-18 09:31:30,12.6900,14,107943.0000,85,S,12.6900,12.6800,12.6700,12.6600,12.6500,12.7000,12.7100,12.7200,12.7300,12.7400,267,1026,27,439,1263,150,418,793,522,1161
SZ,000001,2019-06-18 09:31:33,12.7000,6,21588.0000,17,B,12.6900,12.6800,12.6700,12.6600,12.6500,12.7000,12.7100,12.7200,12.7300,12.7400,254,1036,27,435,1263,178,418,793,527,1161
SZ,000001,2019-06-18 09:31:36,12.7000,2,86360.0000,68,B,12.6900,12.6800,12.6700,12.6600,12.6500,12.7000,12.7100,12.7200,12.7300,12.7400,298,1036,27,435,1263,110,718,793,527,1161
SZ,000001,2019-06-18 09:31:39,12.6900,4,34275.0000,27,S,12.6900,12.6800,12.6700,12.6600,12.6500,12.7000,12.7100,12.7200,12.7300,12.7400,288,1036,27,435,1263,111,718,793,527,1166
SZ,000001,2019-06-18 09:31:42,12.6900,16,181564.0000,143,S,12.6900,12.6800,12.6700,12.6600,12.6500,12.7000,12.7100,12.7200,12.7300,12.7400,242,1036,27,435,1263,14,718,793,527,1166
SZ,000001,2019-06-18 09:31:45,12.6900,8,49499.0000,39,S,12.6900,12.6800,12.6700,12.6600,12.6500,12.7000,12.7100,12.7200,12.7300,12.7400,224,1086,27,435,1263,11,718,795,573,1166
SZ,000001,2019-06-18 09:31:48,12.7000,10,72355.0000,57,B,12.6900,12.6800,12.6700,12.6600,12.6500,12.7000,12.7100,12.7200,12.7300,12.7400,189,1086,27,335,1263,589,718,795,573,1166
SZ,000001,2019-06-18 09:31:51,12.6900,6,27929.0000,22,S,12.6900,12.6800,12.6700,12.6600,12.6500,12.7000,12.7100,12.7200,12.7300,12.7400,179,1086,27,335,1263,581,719,795,573,1166
SZ,000001,2019-06-18 09:31:54,12.7000,21,639871.0000,504,B,12.6800,12.6700,12.6600,12.6500,12.6400,12.7000,12.7100,12.7200,12.7300,12.7400,1086,27,335,1263,98,297,779,795,539,1216
SZ,000001,2019-06-18 09:31:57,12.6800,3,7608.0000,6,S,12.6800,12.6700,12.6600,12.6500,12.6400,12.6900,12.7000,12.7100,12.7200,12.7300,1079,27,335,1263,98,10,306,779,795,539
SZ,000001,2019-06-18 09:32:00,12.6800,6,1311123.0000,1034,S,12.6800,12.6700,12.6600,12.6500,12.6400,12.6900,12.7000,12.7100,12.7200,12.7300,56,27,335,1263,98,11,309,819,795,539
SZ,000001,2019-06-18 09:32:03,12.7000,27,216796.0000,171,B,12.6700,12.6600,12.6500,12.6400,12.6300,12.7000,12.7100,12.7200,12.7300,12.7400,24,335,1263,98,297,306,819,795,439,1216
SZ,000001,2019-06-18 09:32:06,12.6700,8,88697.0000,70,S,12.6600,12.6500,12.6400,12.6300,12.6200,12.6800,12.6900,12.7000,12.7100,12.7200,334,1263,98,297,278,21,11,311,819,795
SZ,000001,2019-06-18 09:32:09,12.6600,7,56985.0000,45,S,12.6600,12.6500,12.6400,12.6300,12.6200,12.6800,12.6900,12.7000,12.7100,12.7200,300,1263,98,297,278,26,111,313,819,795
SZ,000001,2019-06-18 09:32:12,12.6600,3,56970.0000,45,S,12.6600,12.6500,12.6400,12.6300,12.6200,12.6800,12.6900,12.7000,12.7100,12.7200,555,1263,98,297,278,28,111,313,819,795
SZ,000001,2019-06-18 09:32:15,12.6800,14,704279.0000,555,B,12.6800,12.6700,12.6600,12.6500,12.6400,12.6900,12.7000,12.7100,12.7200,12.7300,52,56,575,1263,98,20,313,829,795,440
SZ,000001,2019-06-18 09:32:18,12.6800,6,77361.0000,61,S,12.6800,12.6700,12.6600,12.6500,12.6400,12.6900,12.7000,12.7100,12.7200,12.7300,4,56,575,1263,98,8,312,829,795,440
SZ,000001,2019-06-18 09:32:21,12.6800,14,274044.0000,216,S,12.6800,12.6600,12.6500,12.6400,12.6300,12.6900,12.7000,12.7100,12.7200,12.7300,28,588,1263,98,287,7,339,829,795,440
SZ,000001,2019-06-18 09:32:24,12.6800,9,92628.0000,73,S,12.6800,12.6600,12.6500,12.6400,12.6300,12.6900,12.7000,12.7100,12.7200,12.7300,119,593,1263,98,287,57,339,829,795,440
SZ,000001,2019-06-18 09:32:27,12.6800,5,90039.0000,71,S,12.6800,12.6600,12.6500,12.6400,12.6300,12.6900,12.7000,12.7100,12.7200,12.7300,72,593,1263,98,287,29,385,829,795,440
SZ,000001,2019-06-18 09:32:30,12.6800,1,1268.0000,1,S,12.6800,12.6600,12.6500,12.6400,12.6300,12.6900,12.7000,12.7100,12.7200,12.7300,71,593,1263,98,287,39,385,829,795,420
SZ,000001,2019-06-18 09:32:33,12.6800,7,82420.0000,65,S,12.6800,12.6600,12.6500,12.6400,12.6300,12.6900,12.7000,12.7100,12.7200,12.7300,6,703,1263,98,287,41,385,829,795,420
SZ,000001,2019-06-18 09:32:36,12.6800,4,8876.0000,7,S,12.6600,12.6500,12.6400,12.6300,12.6200,12.6700,12.6800,12.6900,12.7000,12.7100,703,1263,98,287,277,8,25,41,424,829
SZ,000001,2019-06-18 09:32:39,12.6800,2,11404.0000,9,B,12.6700,12.6600,12.6500,12.6400,12.6300,12.6800,12.6900,12.7000,12.7100,12.7200,131,789,1263,98,287,64,241,424,829,795
SZ,000001,2019-06-18 09:32:42,12.6700,5,45644.0000,36,S,12.6700,12.6600,12.6500,12.6400,12.6300,12.6800,12.6900,12.7000,12.7100,12.7200,133,923,1263,98,287,36,239,424,829,795
SZ,000001,2019-06-18 09:32:45,12.6700,17,101396.0000,80,S,12.6700,12.6600,12.6500,12.6400,12.6300,12.6800,12.6900,12.7000,12.7100,12.7200,91,1191,1263,118,287,69,250,424,831,795
SZ,000001,2019-06-18 09:32:48,12.6800,22,628216.0000,496,B,12.6700,12.6600,12.6500,12.6400,12.6300,12.6800,12.6900,12.7000,12.7100,12.7200,78,882,1263,118,287,28,250,464,831,795
SZ,000001,2019-06-18 09:32:51,12.6800,11,89997.0000,71,B,12.6800,12.6700,12.6600,12.6500,12.6400,12.6900,12.7000,12.7100,12.7200,12.7300,18,377,869,1282,168,260,470,831,795,410
SZ,000001,2019-06-18 09:32:54,12.6900,10,153538.0000,121,B,12.6800,12.6700,12.6600,12.6500,12.6400,12.6900,12.7000,12.7100,12.7200,12.7300,90,343,869,1282,188,150,473,831,795,410
SZ,000001,2019-06-18 09:32:57,12.6800,19,795695.0000,627,S,12.6800,12.6700,12.6600,12.6500,12.6400,12.7000,12.7100,12.7200,12.7300,12.7400,49,353,869,1282,188,396,746,195,410,1152
SZ,000001,2019-06-18 09:33:00,12.6800,23,486376.0000,383,S,12.6800,12.6700,12.6600,12.6500,12.6400,12.6900,12.7000,12.7100,12.7200,12.7300,223,341,869,1282,188,1,30,746,195,420
SZ,000001,2019-06-18 09:33:03,12.6900,20,168789.0000,133,B,12.6900,12.6800,12.6700,12.6600,12.6500,12.7000,12.7100,12.7200,12.7300,12.7400,25,340,447,869,1282,7,686,195,420,1152
SZ,000001,2019-06-18 09:33:06,12.7000,25,154890.0000,122,B,12.7000,12.6900,12.6800,12.6700,12.6600,12.7100,12.7200,12.7300,12.7400,12.7500,28,28,1202,497,869,672,195,420,1152,405
SZ,000001,2019-06-18 09:33:09,12.7100,45,1168810.0000,921,B,12.6900,12.6800,12.6700,12.6600,12.6500,12.7100,12.7200,12.7300,12.7400,12.7500,43,678,496,869,1282,381,180,420,1152,407
SZ,000001,2019-06-18 09:33:12,12.7100,15,230020.0000,181,B,12.6900,12.6800,12.6700,12.6600,12.6500,12.7100,12.7200,12.7300,12.7400,12.7500,49,678,188,869,1282,234,180,420,1152,407
SZ,000001,2019-06-18 09:33:15,12.7100,29,469092.0000,369,B,12.7100,12.7000,12.6900,12.6800,12.6700,12.7200,12.7300,12.7400,12.7500,12.7600,15,203,55,60,188,87,420,1152,409,836
SZ,000001,2019-06-18 09:33:18,12.7300,27,235256.0000,185,B,12.7000,12.6900,12.6800,12.6700,12.6600,12.7300,12.7400,12.7500,12.7600,12.7700,164,55,60,188,940,383,1152,409,836,199
SZ,000001,2019-06-18 09:33:21,12.7100,5,193106.0000,152,S,12.7100,12.7000,12.6900,12.6800,12.6700,12.7300,12.7400,12.7500,12.7600,12.7700,3,41,55,60,188,365,1152,409,836,199
SZ,000001,2019-06-18 09:33:24,12.7300,2,22898.0000,18,B,12.7100,12.7000,12.6900,12.6800,12.6700,12.7200,12.7300,12.7400,12.7500,12.7600,10,31,49,1087,188,39,362,1152,433,836
SZ,000001,2019-06-18 09:33:27,12.7300,10,108132.0000,85,B,12.7200,12.7100,12.7000,12.6900,12.6800,12.7300,12.7400,12.7500,12.7600,12.7700,4,20,346,49,40,372,1052,439,836,199
SZ,000001,2019-06-18 09:33:30,12.7200,8,131016.0000,103,S,12.7100,12.7000,12.6900,12.6800,12.6700,12.7200,12.7300,12.7400,12.7500,12.7600,37,340,71,41,188,99,371,1052,439,836
SZ,000001,2019-06-18 09:33:33,12.7200,20,146248.0000,115,B,12.7100,12.7000,12.6900,12.6800,12.6700,12.7200,12.7300,12.7400,12.7500,12.7600,11,350,71,41,188,20,476,1052,439,836
SZ,000001,2019-06-18 09:33:36,12.7200,19,110668.0000,87,B,12.7200,12.7100,12.7000,12.6900,12.6800,12.7300,12.7400,12.7500,12.7600,12.7700,74,18,350,71,48,466,1202,439,836,199
SZ,000001,2019-06-18 09:33:39,12.7100,6,113216.0000,89,S,12.7100,12.7000,12.6900,12.6800,12.6700,12.7200,12.7300,12.7400,12.7500,12.7600,217,360,71,48,188,119,538,1202,439,836
SZ,000001,2019-06-18 09:33:42,12.7200,3,45792.0000,36,B,12.7100,12.7000,12.6900,12.6800,12.6700,12.7200,12.7300,12.7400,12.7500,12.7600,217,360,71,65,188,87,538,1202,439,836
SZ,000001,2019-06-18 09:33:45,12.7100,7,261898.0000,206,S,12.7100,12.7000,12.6900,12.6800,12.6700,12.7200,12.7300,12.7400,12.7500,12.7600,82,436,49,65,188,52,541,1182,439,836
SZ,000001,2019-06-18 09:33:48,12.7100,16,191976.0000,151,S,12.7000,12.6900,12.6800,12.6700,12.6600,12.7100,12.7200,12.7300,12.7400,12.7500,441,49,65,188,940,143,106,540,1182,439
SZ,000001,2019-06-18 09:33:51,12.7200,14,244002.0000,192,B,12.7000,12.6900,12.6800,12.6700,12.6600,12.7100,12.7200,12.7300,12.7400,12.7500,401,49,65,188,840,2,147,550,1182,446
SZ,000001,2019-06-18 09:33:54,12.7100,9,342920.0000,270,B,12.7100,12.7000,12.6900,12.6800,12.6700,12.7200,12.7300,12.7400,12.7500,12.7600,21,189,49,65,188,140,550,1190,446,836
SZ,000001,2019-06-18 09:33:57,12.7100,15,115744.0000,91,S,12.7100,12.7000,12.6900,12.6800,12.6700,12.7200,12.7300,12.7400,12.7500,12.7600,10,195,49,65,188,94,550,1190,446,836
SZ,000001,2019-06-18 09:34:00,12.7100,6,36848.0000,29,S,12.7100,12.7000,12.6900,12.6800,12.6700,12.7200,12.7300,12.7400,12.7500,12.7600,74,184,49,69,288,94,869,1190,446,836
SZ,000001,2019-06-18 09:34:03,12.7100,17,202048.0000,159,S,12.7000,12.6900,12.6800,12.6700,12.6600,12.7100,12.7200,12.7300,12.7400,12.7500,137,49,74,338,840,16,99,869,1177,446
SZ,000001,2019-06-18 09:34:06,12.7100,12,407888.0000,321,B,12.7000,12.6900,12.6800,12.6700,12.6600,12.7100,12.7200,12.7300,12.7400,12.7500,33,49,49,338,1440,173,81,902,1277,455
SZ,000001,2019-06-18 09:34:09,12.7100,8,250376.0000,197,B,12.7000,12.6900,12.6800,12.6700,12.6600,12.7100,12.7200,12.7300,12.7400,12.7500,49,49,1086,338,840,11,82,927,1277,455
SZ,000001,2019-06-18 09:34:12,12.7100,10,119480.0000,94,B,12.7100,12.7000,12.6900,12.6800,12.6700,12.7200,12.7300,12.7400,12.7500,12.7600,224,49,55,69,338,101,937,1277,453,819
SZ,000001,2019-06-18 09:34:15,12.7100,11,310112.0000,244,S,12.7000,12.6900,12.6800,12.6700,12.6600,12.7100,12.7200,12.7300,12.7400,12.7500,37,49,69,338,840,167,101,940,1277,453
SZ,000001,2019-06-18 09:34:18,12.6900,6,48260.0000,38,S,12.6900,12.6800,12.6700,12.6600,12.6500,12.7000,12.7100,12.7200,12.7300,12.7400,48,69,338,840,1334,156,135,637,940,1277
SZ,000001,2019-06-18 09:34:24,12.7000,2,13968.0000,11,B,12.6900,12.6800,12.6700,12.6600,12.6500,12.7000,12.7100,12.7200,12.7300,12.7400,46,1123,338,843,1334,145,204,677,1118,1277
SZ,000001,2019-06-18 09:34:27,12.7000,3,91440.0000,72,B,12.6900,12.6800,12.6700,12.6600,12.6500,12.7000,12.7100,12.7200,12.7300,12.7400,52,1123,338,1843,1334,88,204,677,1138,1277
SZ,000001,2019-06-18 09:34:30,12.6900,17,198080.0000,156,S,12.6900,12.6800,12.6700,12.6600,12.6500,12.7100,12.7200,12.7300,12.7400,12.7500,92,1118,358,1843,1334,194,699,1188,1277,491
SZ,000001,2019-06-18 09:34:33,12.6900,2,2538.0000,2,S,12.6900,12.6800,12.6700,12.6600,12.6500,12.7000,12.7100,12.7200,12.7300,12.7400,287,91,358,1843,1334,1,134,722,1168,1277
SZ,000001,2019-06-18 09:34:36,12.6900,7,67260.0000,53,S,12.6900,12.6800,12.6700,12.6600,12.6500,12.7000,12.7100,12.7200,12.7300,12.7400,260,91,360,1843,1334,2,134,722,1170,1277
SZ,000001,2019-06-18 09:34:39,12.7000,6,62190.0000,49,B,12.6900,12.6800,12.6700,12.6600,12.6500,12.7000,12.7100,12.7200,12.7300,12.7400,404,91,360,1843,1334,13,134,695,1217,1277
SZ,000001,2019-06-18 09:34:42,12.7000,13,44448.0000,35,B,12.6900,12.6800,12.6700,12.6600,12.6500,12.7000,12.7100,12.7200,12.7300,12.7400,501,91,380,1843,1334,5,132,734,1226,1277
SZ,000001,2019-06-18 09:34:45,12.6900,16,417568.0000,329,S,12.7000,12.6900,12.6800,12.6700,12.6600,12.7100,12.7200,12.7300,12.7400,12.7500,3,165,91,380,1849,132,739,1226,1285,580
SZ,000001,2019-06-18 09:34:48,12.7000,7,121920.0000,96,S,12.7000,12.6900,12.6800,12.6700,12.6600,12.7100,12.7200,12.7300,12.7400,12.7500,34,172,91,380,1849,140,748,1226,1308,668
SZ,000001,2019-06-18 09:34:51,12.7000,1,3808.0000,3,S,12.7000,12.6900,12.6800,12.6700,12.6600,12.7100,12.7200,12.7300,12.7400,12.7500,34,207,91,380,1849,143,758,1196,1184,668
SZ,000001,2019-06-18 09:34:54,12.6900,16,99032.0000,78,S,12.6900,12.6800,12.6700,12.6600,12.6500,12.7100,12.7200,12.7300,12.7400,12.7500,218,91,400,1849,1395,136,758,1175,1194,668
SZ,000001,2019-06-18 09:34:57,12.7000,8,118056.0000,93,B,12.6900,12.6800,12.6700,12.6600,12.6500,12.7000,12.7100,12.7200,12.7300,12.7400,168,91,400,1849,1400,17,143,791,1180,1194
SZ,000001,2019-06-18 09:35:00,12.6900,8,101520.0000,80,S,12.6900,12.6800,12.6700,12.6600,12.6500,12.7000,12.7100,12.7200,12.7300,12.7400,110,1118,400,1849,1400,18,138,791,1180,1194
SZ,000001,2019-06-18 09:35:03,12.7100,31,267836.0000,211,B,12.7000,12.6900,12.6800,12.6700,12.6600,12.7100,12.7200,12.7300,12.7400,12.7500,22,55,1148,400,1849,129,792,1180,1194,738
SZ,000001,2019-06-18 09:35:06,12.7000,5,105356.0000,83,S,12.6800,12.6700,12.6600,12.6500,12.6400,12.6900,12.7000,12.7100,12.7200,12.7300,1148,500,1649,1400,188,20,38,129,797,1180
SZ,000001,2019-06-18 09:35:09,12.6900,4,40608.0000,32,B,12.6900,12.6800,12.6700,12.6600,12.6500,12.7000,12.7100,12.7200,12.7300,12.7400,172,1191,500,1649,1400,30,129,797,1184,1194
SZ,000001,2019-06-18 09:35:12,12.6900,2,2540.0000,2,S,12.6900,12.6800,12.6700,12.6600,12.6500,12.7000,12.7100,12.7200,12.7300,12.7400,171,1191,500,1649,1400,175,248,797,1184,1199
SZ,000001,2019-06-18 09:35:15,12.6900,7,93948.0000,74,S,12.6900,12.6800,12.6700,12.6600,12.6500,12.7000,12.7100,12.7200,12.7300,12.7400,158,1151,500,1649,1400,133,236,799,1184,1199
SZ,000001,2019-06-18 09:35:18,12.7000,4,22848.0000,18,B,12.6900,12.6800,12.6700,12.6600,12.6500,12.7000,12.7100,12.7200,12.7300,12.7400,148,1151,500,1649,1400,134,240,799,1184,1199
SZ,000001,2019-06-18 09:35:21,12.7000,11,194310.0000,153,B,12.7000,12.6900,12.6800,12.6700,12.6600,12.7100,12.7200,12.7300,12.7400,12.7500,17,148,124,500,1650,240,799,1184,1249,745
SZ,000001,2019-06-18 09:35:24,12.6900,9,64798.0000,51,S,12.6900,12.6800,12.6700,12.6600,12.6500,12.7000,12.7100,12.7200,12.7300,12.7400,135,124,500,1650,1400,105,210,809,1184,1249
SZ,000001,2019-06-18 09:35:27,12.7000,6,152394.0000,120,B,12.7000,12.6900,12.6800,12.6700,12.6600,12.7100,12.7200,12.7300,12.7400,12.7500,70,130,124,510,1655,216,809,1185,1255,775
SZ,000001,2019-06-18 09:35:30,12.7000,3,66040.0000,52,S,12.7000,12.6900,12.6800,12.6700,12.6600,12.7100,12.7200,12.7300,12.7400,12.7500,40,132,124,510,1655,229,809,1185,1265,775
SZ,000001,2019-06-18 09:35:33,12.7000,4,13970.0000,11,S,12.7000,12.6900,12.6800,12.6700,12.6600,12.7100,12.7200,12.7300,12.7400,12.7500,29,100,125,510,1670,247,809,1185,1285,776
SZ,000001,2019-06-18 09:35:36,12.7000,8,73660.0000,58,S,12.7000,12.6900,12.6800,12.6700,12.6600,12.7100,12.7200,12.7300,12.7400,12.7500,972,100,135,510,1749,247,819,1185,1285,796
SZ,000001,2019-06-18 09:35:39,12.7000,3,5080.0000,4,S,12.7000,12.6900,12.6800,12.6700,12.6600,12.7100,12.7200,12.7300,12.7400,12.7500,985,100,137,510,1749,248,819,1185,1285,816
SZ,000001,2019-06-18 09:35:42,12.7000,8,194320.0000,153,S,12.7000,12.6900,12.6800,12.6700,12.6600,12.7100,12.7200,12.7300,12.7400,12.7500,842,100,137,510,1749,238,819,1185,1285,828
SZ,000001,2019-06-18 09:35:45,12.7100,5,101624.0000,80,B,12.7000,12.6900,12.6800,12.6700,12.6600,12.7100,12.7200,12.7300,12.7400,12.7500,785,81,137,500,1749,215,819,1185,1285,828
SZ,000001,2019-06-18 09:35:48,12.7000,5,110494.0000,87,S,12.7000,12.6900,12.6800,12.6700,12.6600,12.7100,12.7200,12.7300,12.7400,12.7500,707,81,137,500,1749,242,819,1185,1285,828
SZ,000001,2019-06-18 09:35:51,12.7000,3,5080.0000,4,S,12.7000,12.6900,12.6800,12.6700,12.6600,12.7100,12.7200,12.7300,12.7400,12.7500,716,84,137,500,1749,574,816,1186,1285,833
SZ,000001,2019-06-18 09:35:54,12.7100,11,265566.0000,209,B,12.7000,12.6900,12.6800,12.6700,12.6600,12.7100,12.7200,12.7300,12.7400,12.7500,643,84,137,501,1749,438,816,1186,1285,833
SZ,000001,2019-06-18 09:35:57,12.7000,2,36840.0000,29,S,12.7000,12.6900,12.6800,12.6700,12.6600,12.7100,12.7200,12.7300,12.7400,12.7500,628,84,137,501,1749,440,816,1186,1285,823
SZ,000001,2019-06-18 09:36:00,12.7000,4,22860.0000,18,S,12.7000,12.6900,12.6800,12.6700,12.6600,12.7100,12.7200,12.7300,12.7400,12.7500,610,84,147,501,1749,439,818,1186,1285,843
SZ,000001,2019-06-18 09:36:03,12.7000,25,876250.0000,690,S,12.6900,12.6800,12.6700,12.6600,12.6500,12.7000,12.7100,12.7200,12.7300,12.7400,34,147,501,1749,1400,1147,457,818,1186,1285
SZ,000001,2019-06-18 09:36:06,12.7000,13,87562.0000,69,B,12.6900,12.6800,12.6700,12.6600,12.6500,12.7000,12.7100,12.7200,12.7300,12.7400,20,130,501,1749,1400,1233,440,818,1186,1285
SZ,000001,2019-06-18 09:36:09,12.7000,5,237490.0000,187,B,12.6900,12.6800,12.6700,12.6600,12.6500,12.7000,12.7100,12.7200,12.7300,12.7400,21,130,501,1749,1400,1068,423,818,1186,1285
SZ,000001,2019-06-18 09:36:12,12.6900,4,12698.0000,10,S,12.6900,12.6800,12.6700,12.6600,12.6500,12.7000,12.7100,12.7200,12.7300,12.7400,20,127,501,1769,1400,1060,411,818,1186,1285
SZ,000001,2019-06-18 09:36:15,12.7000,3,27940.0000,22,B,12.6900,12.6800,12.6700,12.6600,12.6500,12.7000,12.7100,12.7200,12.7300,12.7400,28,127,501,1769,1400,1027,413,846,1186,1285
SZ,000001,2019-06-18 09:36:18,12.6900,2,11420.0000,9,S,12.6900,12.6800,12.6700,12.6600,12.6500,12.7000,12.7100,12.7200,12.7300,12.7400,19,127,551,1764,1400,1038,443,846,1186,1286
SZ,000001,2019-06-18 09:36:21,12.6900,5,1272538.0000,1002,S,12.6900,12.6800,12.6700,12.6600,12.6500,12.7000,12.7100,12.7200,12.7300,12.7400,19,130,551,1764,1400,37,411,906,1226,1286
SZ,000001,2019-06-18 09:36:24,12.6900,14,63474.0000,50,S,12.6800,12.6700,12.6600,12.6500,12.6400,12.6900,12.7000,12.7100,12.7200,12.7300,1166,551,1764,1440,188,1,13,398,906,1226
SZ,000001,2019-06-18 09:36:27,12.6900,14,135788.0000,107,B,12.6900,12.6800,12.6700,12.6600,12.6500,12.7000,12.7100,12.7200,12.7300,12.7400,110,1177,571,1764,1440,10,398,912,1226,1280
SZ,000001,2019-06-18 09:36:30,12.7000,7,26668.0000,21,B,12.7000,12.6900,12.6800,12.6700,12.6600,12.7100,12.7200,12.7300,12.7400,12.7500,66,145,1169,571,1764,398,912,1226,1280,843
SZ,000001,2019-06-18 09:36:33,12.7100,2,38120.0000,30,B,12.7000,12.6900,12.6800,12.6700,12.6600,12.7100,12.7200,12.7300,12.7400,12.7500,1005,35,143,571,1764,379,912,1226,1280,843
SZ,000001,2019-06-18 09:36:36,12.7000,10,27960.0000,22,S,12.7000,12.6900,12.6800,12.6700,12.6600,12.7100,12.7200,12.7300,12.7400,12.7500,1012,45,143,571,1764,361,912,1226,1280,844
SZ,000001,2019-06-18 09:36:39,12.7000,5,77516.0000,61,S,12.7000,12.6900,12.6800,12.6700,12.6600,12.7100,12.7200,12.7300,12.7400,12.7500,999,45,143,571,1764,324,894,1226,1280,846
SZ,000001,2019-06-18 09:36:42,12.7100,4,12704.0000,10,B,12.7000,12.6900,12.6800,12.6700,12.6600,12.7100,12.7200,12.7300,12.7400,12.7500,1001,45,143,571,1685,62,874,1226,1280,846
SZ,000001,2019-06-18 09:36:45,12.7000,5,29220.0000,23,S,12.7000,12.6900,12.6800,12.6700,12.6600,12.7100,12.7200,12.7300,12.7400,12.7500,993,45,143,571,1685,51,1024,1226,1280,846
SZ,000001,2019-06-18 09:36:48,12.7000,8,110530.0000,87,S,12.7000,12.6900,12.6800,12.6700,12.6600,12.7100,12.7200,12.7300,12.7400,12.7500,946,46,153,571,1685,12,1078,1226,1280,1046
SZ,000001,2019-06-18 09:36:51,12.7100,4,13978.0000,11,B,12.7000,12.6900,12.6800,12.6700,12.6600,12.7100,12.7200,12.7300,12.7400,12.7500,943,46,153,571,1685,44,1128,1226,1280,1046
SZ,000001,2019-06-18 09:36:54,12.7000,11,1210310.0000,953,B,12.6900,12.6800,12.6700,12.6600,12.6500,12.7000,12.7100,12.7200,12.7300,12.7400,46,153,571,1705,1440,79,64,1128,1226,1282
SZ,000001,2019-06-18 09:36:57,12.7000,16,543806.0000,428,B,12.6900,12.6800,12.6700,12.6600,12.6500,12.7000,12.7100,12.7200,12.7300,12.7400,46,150,571,1705,1440,16,565,1128,1226,1282
SZ,000001,2019-06-18 09:37:00,12.7000,7,76196.0000,60,B,12.7000,12.6900,12.6800,12.6700,12.6600,12.7100,12.7200,12.7300,12.7400,12.7500,248,62,180,571,1705,423,1270,1221,1282,1046
SZ,000001,2019-06-18 09:37:03,12.6700,42,720736.0000,568,S,12.6700,12.6600,12.6500,12.6400,12.6300,12.6900,12.7000,12.7100,12.7200,12.7300,507,1705,1440,188,309,17,3,424,1270,1221
SZ,000001,2019-06-18 09:37:06,12.6900,4,13960.0000,11,B,12.6700,12.6600,12.6500,12.6400,12.6300,12.6900,12.7000,12.7100,12.7200,12.7300,516,1709,1440,188,309,14,5,342,1270,1221
SZ,000001,2019-06-18 09:37:09,12.6700,4,20292.0000,16,S,12.6700,12.6600,12.6500,12.6400,12.6300,12.6900,12.7000,12.7100,12.7200,12.7300,511,1709,1445,188,309,9,35,346,1270,1221
SZ,000001,2019-06-18 09:37:12,12.7000,15,740206.0000,583,B,12.6700,12.6600,12.6500,12.6400,12.6300,12.7000,12.7100,12.7200,12.7300,12.7400,583,1709,1445,188,309,80,355,1270,1221,1283
SZ,000001,2019-06-18 09:37:15,12.7000,22,1135250.0000,896,B,12.6700,12.6600,12.6500,12.6400,12.6300,12.6900,12.7000,12.7100,12.7200,12.7300,758,1709,1445,188,309,11,2,274,1270,1221
SZ,000001,2019-06-18 09:37:18,12.6900,1,11420.0000,9,B,12.6800,12.6700,12.6600,12.6500,12.6400,12.6900,12.7000,12.7100,12.7200,12.7300,2,774,1709,1453,188,13,7,291,1270,1221
SZ,000001,2019-06-18 09:37:21,12.6700,10,32996.0000,26,S,12.6700,12.6600,12.6500,12.6400,12.6300,12.7000,12.7100,12.7200,12.7300,12.7400,771,1709,1453,188,309,740,396,1495,1221,1277
SZ,000001,2019-06-18 09:37:24,12.6700,1,1266.0000,1,S,12.6700,12.6600,12.6500,12.6400,12.6300,12.6900,12.7000,12.7100,12.7200,12.7300,818,1689,1453,188,309,1,761,281,1495,1217
SZ,000001,2019-06-18 09:37:27,12.6900,2,12690.0000,10,B,12.6700,12.6600,12.6500,12.6400,12.6300,12.6900,12.7000,12.7100,12.7200,12.7300,818,1669,1453,188,309,9,992,281,1495,1217
SZ,000001,2019-06-18 09:37:30,12.6700,4,82356.0000,65,S,12.6700,12.6600,12.6500,12.6400,12.6300,12.6900,12.7000,12.7100,12.7200,12.7300,754,1699,1453,188,319,2,992,264,1445,1217
SZ,000001,2019-06-18 09:37:33,12.7000,5,144776.0000,114,B,12.6800,12.6700,12.6600,12.6500,12.6400,12.6900,12.7000,12.7100,12.7200,12.7300,20,873,1701,1453,188,1,899,264,1446,1217
SZ,000001,2019-06-18 09:37:36,12.6700,6,30432.0000,24,S,12.6700,12.6600,12.6500,12.6400,12.6300,12.6900,12.7000,12.7100,12.7200,12.7300,823,1696,1443,188,319,72,899,255,1452,1217
SZ,000001,2019-06-18 09:37:39,12.6700,1,3800.0000,3,S,12.6700,12.6600,12.6500,12.6400,12.6300,12.6900,12.7000,12.7100,12.7200,12.7300,823,1696,1453,188,319,72,899,244,1452,1245
SZ,000001,2019-06-18 09:37:42,12.6700,1,126700.0000,100,S,12.6700,12.6600,12.6500,12.6400,12.6300,12.6900,12.7000,12.7100,12.7200,12.7300,723,1696,1463,188,319,86,942,260,1452,1245
SZ,000001,2019-06-18 09:37:45,12.6700,2,58284.0000,46,S,12.6700,12.6600,12.6500,12.6400,12.6300,12.6900,12.7000,12.7100,12.7200,12.7300,682,1696,1483,188,319,215,990,260,1450,1245
SZ,000001,2019-06-18 09:37:48,12.6900,6,106588.0000,84,B,12.6700,12.6600,12.6500,12.6400,12.6300,12.6900,12.7000,12.7100,12.7200,12.7300,683,1696,1483,188,319,141,990,268,1450,1250
SZ,000001,2019-06-18 09:37:51,12.6700,1,25340.0000,20,S,12.6700,12.6600,12.6500,12.6400,12.6300,12.6900,12.7000,12.7100,12.7200,12.7300,840,1696,1483,188,319,140,990,285,1450,1250
SZ,000001,2019-06-18 09:37:54,12.6700,1,1266.0000,1,S,12.6700,12.6600,12.6500,12.6400,12.6300,12.6800,12.6900,12.7000,12.7100,12.7200,882,1708,1503,188,319,4,141,990,296,1460
SZ,000001,2019-06-18 09:37:57,12.6700,6,160932.0000,127,S,12.6700,12.6600,12.6500,12.6400,12.6300,12.6900,12.7000,12.7100,12.7200,12.7300,780,1716,1503,188,319,141,1000,296,1437,1250
SZ,000001,2019-06-18 09:38:00,12.6700,5,74846.0000,59,S,12.6700,12.6600,12.6500,12.6400,12.6300,12.6800,12.6900,12.7000,12.7100,12.7200,773,1726,1503,188,402,34,94,1032,296,1437
SZ,000001,2019-06-18 09:38:03,12.6600,33,1152860.0000,910,S,12.6600,12.6500,12.6400,12.6300,12.6200,12.6800,12.6900,12.7000,12.7100,12.7200,1604,1503,188,402,392,41,244,1034,296,1437
SZ,000001,2019-06-18 09:38:06,12.6800,3,21552.0000,17,B,12.6700,12.6600,12.6500,12.6400,12.6300,12.6800,12.6900,12.7000,12.7100,12.7200,1,1607,1503,188,402,86,251,1044,315,1437
SZ,000001,2019-06-18 09:38:09,12.6600,3,51908.0000,41,S,12.6700,12.6600,12.6500,12.6400,12.6300,12.6800,12.6900,12.7000,12.7100,12.7200,36,1680,1473,188,402,86,310,1086,315,1537
SZ,000001,2019-06-18 09:38:12,12.6900,22,891140.0000,703,B,12.6900,12.6600,12.6500,12.6400,12.6300,12.7000,12.7100,12.7200,12.7300,12.7400,99,1411,1473,188,402,1086,315,1553,1265,1277
SZ,000001,2019-06-18 09:38:15,12.6700,8,204152.0000,161,S,12.6700,12.6600,12.6500,12.6400,12.6300,12.6900,12.7000,12.7100,12.7200,12.7300,29,1365,1473,188,402,210,1068,315,1553,1265
SZ,000001,2019-06-18 09:38:18,12.6900,3,32992.0000,26,B,12.6700,12.6600,12.6500,12.6400,12.6300,12.6900,12.7000,12.7100,12.7200,12.7300,33,1365,1473,196,402,208,1068,315,1553,1265
SZ,000001,2019-06-18 09:38:21,12.6600,5,154516.0000,122,S,12.6600,12.6500,12.6400,12.6300,12.6200,12.6900,12.7000,12.7100,12.7200,12.7300,1306,1473,196,402,392,214,1068,383,1553,1238
SZ,000001,2019-06-18 09:38:27,12.6700,1,1268.0000,1,B,12.6600,12.6500,12.6400,12.6300,12.6200,12.6700,12.6800,12.6900,12.7000,12.7100,1321,1473,196,402,392,9,11,230,1028,383
SZ,000001,2019-06-18 09:38:30,12.6600,4,27856.0000,22,S,12.6600,12.6500,12.6400,12.6300,12.6200,12.6700,12.6800,12.6900,12.7000,12.7100,1301,1468,196,402,392,13,11,480,1033,383
SZ,000001,2019-06-18 09:38:33,12.6700,4,19004.0000,15,B,12.6700,12.6600,12.6500,12.6400,12.6300,12.6800,12.6900,12.7000,12.7100,12.7200,103,1314,1468,196,402,11,584,1033,383,1558
SZ,000001,2019-06-18 09:38:36,12.6700,3,29140.0000,23,S,12.6700,12.6600,12.6500,12.6400,12.6300,12.6800,12.6900,12.7000,12.7100,12.7200,82,1315,1468,196,402,21,584,1033,383,1564
SZ,000001,2019-06-18 09:38:39,12.6800,2,7604.0000,6,B,12.6700,12.6600,12.6500,12.6400,12.6300,12.6800,12.6900,12.7000,12.7100,12.7200,129,1315,1468,196,402,30,584,1042,383,1464
SZ,000001,2019-06-18 09:38:42,12.6700,3,68420.0000,54,S,12.6700,12.6600,12.6500,12.6400,12.6300,12.6800,12.6900,12.7000,12.7100,12.7200,77,1310,1458,196,392,132,584,1042,433,1464
SZ,000001,2019-06-18 09:38:45,12.6800,19,1162348.0000,918,B,12.6700,12.6600,12.6500,12.6400,12.6300,12.6800,12.6900,12.7000,12.7100,12.7200,2,563,1479,196,392,92,584,1042,463,1464
SZ,000001,2019-06-18 09:38:48,12.6800,10,335832.0000,265,B,12.6600,12.6500,12.6400,12.6300,12.6200,12.6700,12.6900,12.7000,12.7100,12.7200,501,1499,196,392,392,5,551,1042,463,1464
SZ,000001,2019-06-18 09:38:51,12.6800,10,160812.0000,127,B,12.6600,12.6500,12.6400,12.6300,12.6200,12.6800,12.6900,12.7000,12.7100,12.7200,397,1499,196,392,392,33,551,1042,413,1464
SZ,000001,2019-06-18 09:38:54,12.6700,3,15212.0000,12,S,12.6600,12.6500,12.6400,12.6300,12.6200,12.6700,12.6800,12.6900,12.7000,12.7100,591,1514,196,392,392,13,54,551,1047,402
SZ,000001,2019-06-18 09:38:57,12.6700,4,17740.0000,14,B,12.6600,12.6500,12.6400,12.6300,12.6200,12.6700,12.6800,12.6900,12.7000,12.7100,618,1514,1395,392,392,9,57,551,1047,402
SZ,000001,2019-06-18 09:39:00,12.6700,6,32928.0000,26,B,12.6600,12.6500,12.6400,12.6300,12.6200,12.6700,12.6800,12.6900,12.7000,12.7100,595,1494,1395,392,392,1,257,551,1051,402
SZ,000001,2019-06-18 09:39:03,12.6600,11,74696.0000,59,S,12.6600,12.6500,12.6400,12.6300,12.6200,12.6700,12.6800,12.6900,12.7000,12.7100,549,1494,1395,392,392,9,261,551,1051,402
SZ,000001,2019-06-18 09:39:06,12.6600,6,26596.0000,21,S,12.6600,12.6500,12.6400,12.6300,12.6200,12.6800,12.6900,12.7000,12.7100,12.7200,537,1494,1395,392,392,261,591,1051,402,1464
SZ,000001,2019-06-18 09:39:09,12.6600,1,12660.0000,10,S,12.6600,12.6500,12.6400,12.6300,12.6200,12.6700,12.6800,12.6900,12.7000,12.7100,587,1494,1395,397,392,2,271,591,1051,402
SZ,000001,2019-06-18 09:39:12,12.6700,9,97632.0000,77,B,12.6600,12.6500,12.6400,12.6300,12.6200,12.6700,12.6800,12.6900,12.7000,12.7100,590,1509,1395,407,392,28,199,591,1049,402
SZ,000001,2019-06-18 09:39:15,12.6800,10,339796.0000,268,B,12.6800,12.6600,12.6500,12.6400,12.6300,12.6900,12.7000,12.7100,12.7200,12.7300,334,590,1509,1395,407,591,1049,432,1474,1193
SZ,000001,2019-06-18 09:39:18,12.6800,7,417172.0000,329,S,12.6800,12.6700,12.6600,12.6500,12.6400,12.6900,12.7000,12.7100,12.7200,12.7300,53,18,598,1509,1395,476,1049,436,1474,1193
SZ,000001,2019-06-18 09:39:21,12.6800,5,35504.0000,28,S,12.6800,12.6700,12.6600,12.6500,12.6400,12.6900,12.7000,12.7100,12.7200,12.7300,33,18,608,1514,1395,488,1059,436,1474,1193
SZ,000001,2019-06-18 09:39:24,12.6800,8,43112.0000,34,S,12.6700,12.6600,12.6500,12.6400,12.6300,12.6800,12.6900,12.7000,12.7100,12.7200,18,608,1514,1395,407,88,488,1069,438,1474
SZ,000001,2019-06-18 09:39:27,12.6700,2,19004.0000,15,S,12.6700,12.6600,12.6500,12.6400,12.6300,12.6800,12.6900,12.7000,12.7100,12.7200,3,608,1514,1395,407,104,488,1069,438,1474
SZ,000001,2019-06-18 09:39:30,12.6600,3,17732.0000,14,S,12.6600,12.6500,12.6400,12.6300,12.6200,12.6800,12.6900,12.7000,12.7100,12.7200,627,1517,1395,407,395,1017,481,1070,408,1474
SZ,000001,2019-06-18 09:39:33,12.6800,3,15212.0000,12,B,12.6700,12.6600,12.6500,12.6400,12.6300,12.6800,12.6900,12.7000,12.7100,12.7200,9,677,1517,1395,407,1057,481,1070,408,1474
SZ,000001,2019-06-18 09:39:36,12.6700,1,3800.0000,3,S,12.6700,12.6600,12.6500,12.6400,12.6300,12.6800,12.6900,12.7000,12.7100,12.7200,41,700,1505,1395,407,1061,481,1070,408,1474
SZ,000001,2019-06-18 09:39:39,12.6800,1,2536.0000,2,B,12.6700,12.6600,12.6500,12.6400,12.6300,12.6800,12.6900,12.7000,12.7100,12.7200,41,700,1505,1395,407,1068,485,1120,408,1474
SZ,000001,2019-06-18 09:39:42,12.6700,5,29140.0000,23,S,12.6700,12.6600,12.6500,12.6400,12.6300,12.6800,12.6900,12.7000,12.7100,12.7200,19,900,1505,1395,407,1068,485,1120,408,1474
SZ,000001,2019-06-18 09:39:45,12.6700,6,210480.0000,166,S,12.6700,12.6600,12.6500,12.6400,12.6300,12.6800,12.6900,12.7000,12.7100,12.7200,10,930,1500,1375,407,912,485,1120,418,1474
SZ,000001,2019-06-18 09:39:48,12.6700,6,124256.0000,98,S,12.6600,12.6500,12.6400,12.6300,12.6200,12.6700,12.6800,12.6900,12.7000,12.7100,930,1500,1375,407,425,3,830,485,1120,418
SZ,000001,2019-06-18 09:39:51,12.6700,4,36768.0000,29,B,12.6700,12.6600,12.6500,12.6400,12.6300,12.6800,12.6900,12.7000,12.7100,12.7200,3,949,1500,1375,407,806,485,1120,418,1474
SZ,000001,2019-06-18 09:39:54,12.6600,8,133104.0000,105,S,12.6600,12.6500,12.6400,12.6300,12.6200,12.6700,12.6800,12.6900,12.7000,12.7100,924,1503,1375,407,425,72,721,485,1120,425
SZ,000001,2019-06-18 09:39:57,12.6700,5,74756.0000,59,B,12.6600,12.6500,12.6400,12.6300,12.6200,12.6700,12.6800,12.6900,12.7000,12.7100,925,1503,1375,407,425,31,779,485,1120,425
SZ,000001,2019-06-18 09:40:00,12.6600,4,36740.0000,29,S,12.6600,12.6500,12.6400,12.6300,12.6200,12.6700,12.6800,12.6900,12.7000,12.7100,1000,1503,1375,407,425,28,779,485,1122,425
SZ,000001,2019-06-18 09:40:03,12.6600,23,162076.0000,128,S,12.6600,12.6500,12.6400,12.6300,12.6200,12.6700,12.6800,12.6900,12.7000,12.7100,904,1503,1375,407,425,65,779,485,1122,435
SZ,000001,2019-06-18 09:40:06,12.6600,13,192476.0000,152,S,12.6600,12.6500,12.6400,12.6300,12.6200,12.6700,12.6800,12.6900,12.7000,12.7100,798,1503,1375,407,425,21,776,485,1122,458
SZ,000001,2019-06-18 09:40:09,12.6600,6,34192.0000,27,S,12.6600,12.6500,12.6400,12.6300,12.6200,12.6700,12.6800,12.6900,12.7000,12.7100,827,1503,1375,437,425,15,776,485,1122,458
SZ,000001,2019-06-18 09:40:12,12.6600,1,5064.0000,4,S,12.6600,12.6500,12.6400,12.6300,12.6200,12.6700,12.6800,12.6900,12.7000,12.7100,823,1503,1375,437,425,15,776,485,1122,458
SZ,000001,2019-06-18 09:40:15,12.6600,8,593328.0000,468,S,12.6600,12.6500,12.6400,12.6300,12.6200,12.6700,12.6800,12.6900,12.7000,12.7100,793,1503,1375,437,425,20,363,485,1122,458
SZ,000001,2019-06-18 09:40:18,12.6600,2,31648.0000,25,S,12.6600,12.6500,12.6400,12.6300,12.6200,12.6700,12.6800,12.6900,12.7000,12.7100,775,1528,1375,437,425,26,460,485,890,458
SZ,000001,2019-06-18 09:40:21,12.6600,19,741904.0000,586,S,12.6600,12.6500,12.6400,12.6300,12.6200,12.6700,12.6800,12.6900,12.7000,12.7100,215,1536,1375,437,425,25,440,485,890,408
SZ,000001,2019-06-18 09:40:24,12.6600,9,89888.0000,71,S,12.6600,12.6500,12.6400,12.6300,12.6200,12.6700,12.6800,12.6900,12.7000,12.7100,153,1538,1375,439,425,25,533,485,890,408
SZ,000001,2019-06-18 09:40:27,12.6600,3,7592.0000,6,S,12.6600,12.6500,12.6400,12.6300,12.6200,12.6700,12.6800,12.6900,12.7000,12.7100,147,1538,1375,439,425,25,533,485,890,413
SZ,000001,2019-06-18 09:40:30,12.6600,6,119008.0000,94,S,12.6600,12.6500,12.6400,12.6300,12.6200,12.6700,12.6800,12.6900,12.7000,12.7100,56,1538,1375,439,425,26,533,485,890,603
SZ,000001,2019-06-18 09:40:33,12.6600,7,59500.0000,47,S,12.6600,12.6500,12.6400,12.6300,12.6200,12.6700,12.6800,12.6900,12.7000,12.7100,13,1538,1375,439,425,26,311,381,891,603
SZ,000001,2019-06-18 09:40:36,12.6600,11,48088.0000,38,S,12.6500,12.6400,12.6300,12.6200,12.6100,12.6600,12.6700,12.6800,12.6900,12.7000,1518,1375,429,425,659,93,26,311,381,891
SZ,000001,2019-06-18 09:40:42,12.6500,2,3796.0000,3,S,12.6500,12.6400,12.6300,12.6200,12.6100,12.6600,12.6700,12.6800,12.6900,12.7000,1516,1375,429,425,1309,121,26,312,386,893
SZ,000001,2019-06-18 09:40:45,12.6500,5,112672.0000,89,S,12.6500,12.6400,12.6300,12.6200,12.6100,12.6600,12.6700,12.6800,12.6900,12.7000,1513,1375,429,425,1309,29,28,322,386,903
SZ,000001,2019-06-18 09:40:48,12.6600,8,50636.0000,40,B,12.6600,12.6500,12.6400,12.6300,12.6200,12.6700,12.6800,12.6900,12.7000,12.7100,14,1512,1375,429,425,264,322,386,922,603
SZ,000001,2019-06-18 09:40:51,12.6700,3,11396.0000,9,B,12.6600,12.6500,12.6400,12.6300,12.6200,12.6700,12.6800,12.6900,12.7000,12.7100,77,1502,1375,429,425,264,322,386,731,603
SZ,000001,2019-06-18 09:40:54,12.6500,6,110132.0000,87,S,12.6500,12.6400,12.6300,12.6200,12.6100,12.6600,12.6700,12.6800,12.6900,12.7000,1492,1375,429,425,1300,74,264,328,436,731
SZ,000001,2019-06-18 09:40:57,12.6500,3,32900.0000,26,S,12.6500,12.6400,12.6300,12.6200,12.6100,12.6600,12.6700,12.6800,12.6900,12.7000,1481,1375,429,425,1300,99,277,330,416,731
SZ,000001,2019-06-18 09:41:00,12.6500,3,17720.0000,14,S,12.6500,12.6400,12.6300,12.6200,12.6100,12.6600,12.6700,12.6800,12.6900,12.7000,1477,1375,429,425,1300,98,307,330,416,741
SZ,000001,2019-06-18 09:41:03,12.6500,12,139156.0000,110,S,12.6500,12.6400,12.6300,12.6200,12.6100,12.6600,12.6700,12.6800,12.6900,12.7000,1373,1375,429,425,1300,117,307,530,416,745
SZ,000001,2019-06-18 09:41:06,12.6500,9,1244792.0000,984,S,12.6500,12.6400,12.6300,12.6200,12.6100,12.6600,12.6700,12.6800,12.6900,12.7000,423,1375,429,425,1300,84,307,530,416,745
SZ,000001,2019-06-18 09:41:09,12.6600,7,81016.0000,64,B,12.6500,12.6400,12.6300,12.6200,12.6100,12.6600,12.6700,12.6800,12.6900,12.7000,413,1375,429,425,1301,30,307,530,416,754
SZ,000001,2019-06-18 09:41:12,12.6500,10,101276.0000,80,S,12.6600,12.6500,12.6400,12.6300,12.6200,12.6700,12.6800,12.6900,12.7000,12.7100,1,556,1375,429,425,307,780,416,754,494
SZ,000001,2019-06-18 09:41:15,12.6700,11,401640.0000,317,S,12.6700,12.6600,12.6500,12.6400,12.6300,12.6800,12.6900,12.7000,12.7100,12.7200,149,13,427,1375,429,884,416,747,494,1474
SZ,000001,2019-06-18 09:41:18,12.6700,12,169896.0000,134,S,12.6700,12.6600,12.6500,12.6400,12.6300,12.6800,12.6900,12.7000,12.7100,12.7200,144,2,432,1375,429,772,416,747,494,1474
SZ,000001,2019-06-18 09:41:21,12.6700,3,78592.0000,62,S,12.6700,12.6600,12.6500,12.6400,12.6300,12.6800,12.6900,12.7000,12.7100,12.7200,139,2,433,1375,429,734,416,747,494,1474
SZ,000001,2019-06-18 09:41:24,12.6800,6,81124.0000,64,B,12.6700,12.6600,12.6500,12.6400,12.6300,12.6800,12.6900,12.7000,12.7100,12.7200,112,11,433,1376,429,697,416,747,494,1474
SZ,000001,2019-06-18 09:41:27,12.6700,4,58316.0000,46,S,12.6700,12.6600,12.6500,12.6400,12.6300,12.6800,12.6900,12.7000,12.7100,12.7200,101,11,438,1376,429,674,416,745,494,1474
SZ,000001,2019-06-18 09:41:30,12.6800,1,41844.0000,33,B,12.6700,12.6600,12.6500,12.6400,12.6300,12.6800,12.6900,12.7000,12.7100,12.7200,101,12,438,1376,429,641,416,745,494,1474
SZ,000001,2019-06-18 09:41:33,12.6800,6,110272.0000,87,B,12.6700,12.6600,12.6500,12.6400,12.6300,12.6800,12.6900,12.7000,12.7100,12.7200,56,16,438,1376,429,668,416,745,501,1479
SZ,000001,2019-06-18 09:41:36,12.6800,4,15212.0000,12,B,12.6700,12.6600,12.6500,12.6400,12.6300,12.6800,12.6900,12.7000,12.7100,12.7200,65,22,427,1376,429,657,411,745,501,1479
SZ,000001,2019-06-18 09:41:39,12.6700,11,103896.0000,82,S,12.6600,12.6500,12.6400,12.6300,12.6200,12.6700,12.6800,12.6900,12.7000,12.7100,22,627,1376,429,425,30,657,401,695,501
SZ,000001,2019-06-18 09:41:42,12.6700,7,30408.0000,24,B,12.6600,12.6500,12.6400,12.6300,12.6200,12.6700,12.6800,12.6900,12.7000,12.7100,22,636,1376,429,425,7,667,401,695,606
SZ,000001,2019-06-18 09:41:45,12.6700,10,31660.0000,25,B,12.6600,12.6500,12.6400,12.6300,12.6200,12.6700,12.6800,12.6900,12.7000,12.7100,14,636,1376,429,445,11,668,401,695,656
SZ,000001,2019-06-18 09:41:48,12.6700,1,2532.0000,2,B,12.6500,12.6400,12.6300,12.6200,12.6100,12.6700,12.6800,12.6900,12.7000,12.7100,736,1376,429,445,1296,9,673,401,695,656
SZ,000001,2019-06-18 09:41:51,12.6500,16,246696.0000,195,S,12.6500,12.6400,12.6300,12.6200,12.6100,12.6700,12.6800,12.6900,12.7000,12.7100,767,1376,429,445,1296,3,673,401,695,656
SZ,000001,2019-06-18 09:41:54,12.6700,6,34228.0000,27,B,12.6500,12.6400,12.6300,12.6200,12.6100,12.6700,12.6800,12.6900,12.7000,12.7100,767,1396,429,445,1296,32,666,421,695,656
SZ,000001,2019-06-18 09:41:57,12.6500,32,879176.0000,695,S,12.6500,12.6400,12.6300,12.6200,12.6100,12.6600,12.6700,12.6800,12.6900,12.7000,87,1396,429,445,1296,3,92,661,421,686
SZ,000001,2019-06-18 09:42:00,12.6500,4,17712.0000,14,S,12.6500,12.6400,12.6300,12.6200,12.6100,12.6700,12.6800,12.6900,12.7000,12.7100,132,1396,429,445,1296,94,661,421,686,656
SZ,000001,2019-06-18 09:42:03,12.6500,11,75900.0000,60,S,12.6500,12.6400,12.6300,12.6200,12.6100,12.6700,12.6800,12.6900,12.7000,12.7100,117,1396,429,445,1296,160,666,421,691,656
SZ,000001,2019-06-18 09:42:06,12.6700,7,39240.0000,31,B,12.6500,12.6400,12.6300,12.6200,12.6100,12.6700,12.6800,12.6900,12.7000,12.7100,224,1376,429,445,1296,190,666,421,691,656
SZ,000001,2019-06-18 09:42:09,12.6500,2,10120.0000,8,S,12.6500,12.6400,12.6300,12.6200,12.6100,12.6700,12.6800,12.6900,12.7000,12.7100,236,1376,429,445,1297,219,666,421,691,656
SZ,000001,2019-06-18 09:42:15,12.6500,17,943840.0000,745,S,12.6500,12.6400,12.6300,12.6200,12.6100,12.6700,12.6800,12.6900,12.7000,12.7100,150,1376,429,445,1297,38,342,421,694,666
SZ,000001,2019-06-18 09:42:18,12.6700,6,65876.0000,52,B,12.6700,12.6500,12.6400,12.6300,12.6200,12.6800,12.6900,12.7000,12.7100,12.7200,952,147,1376,429,445,418,441,694,666,1537
SZ,000001,2019-06-18 09:42:21,12.6700,4,1220124.0000,963,S,12.6500,12.6400,12.6300,12.6200,12.6100,12.6700,12.6800,12.6900,12.7000,12.7100,150,1379,429,455,1297,20,618,627,684,675
SZ,000001,2019-06-18 09:42:24,12.6700,1,3800.0000,3,B,12.6500,12.6400,12.6300,12.6200,12.6100,12.6700,12.6800,12.6900,12.7000,12.7100,203,1389,429,425,1297,17,620,627,684,665
SZ,000001,2019-06-18 09:42:27,12.6700,3,209056.0000,165,B,12.6700,12.6500,12.6400,12.6300,12.6200,12.6800,12.6900,12.7000,12.7100,12.7200,49,213,1389,447,425,620,627,684,665,1537
SZ,000001,2019-06-18 09:42:30,12.6500,8,105092.0000,83,S,12.6500,12.6400,12.6300,12.6200,12.6100,12.6800,12.6900,12.7000,12.7100,12.7200,180,1389,457,425,1297,620,627,686,665,1537
SZ,000001,2019-06-18 09:42:33,12.6500,1,5060.0000,4,S,12.6500,12.6400,12.6300,12.6200,12.6100,12.6700,12.6800,12.6900,12.7000,12.7100,176,1389,457,425,1297,10,622,627,686,665
SZ,000001,2019-06-18 09:42:36,12.6500,18,517384.0000,409,S,12.6400,12.6300,12.6200,12.6100,12.6000,12.6500,12.6700,12.6800,12.6900,12.7000,1389,457,425,1300,1190,567,205,622,627,686
SZ,000001,2019-06-18 09:42:39,12.6500,2,8856.0000,7,B,12.6400,12.6300,12.6200,12.6100,12.6000,12.6500,12.6700,12.6800,12.6900,12.7000,1389,457,425,1300,1209,560,205,622,627,686
SZ,000001,2019-06-18 09:42:42,12.6500,4,49336.0000,39,B,12.6400,12.6300,12.6200,12.6100,12.6000,12.6500,12.6700,12.6800,12.6900,12.7000,1429,457,425,1300,1219,522,332,622,627,686
SZ,000001,2019-06-18 09:42:45,12.6500,3,255528.0000,202,B,12.6400,12.6300,12.6200,12.6100,12.6000,12.6500,12.6700,12.6800,12.6900,12.7000,1428,457,462,1300,1245,337,332,622,627,686
SZ,000001,2019-06-18 09:42:48,12.6400,3,67012.0000,53,S,12.6400,12.6300,12.6200,12.6100,12.6000,12.6500,12.6700,12.6800,12.6900,12.7000,1399,457,462,1300,1252,315,332,622,627,686
SZ,000001,2019-06-18 09:42:51,12.6700,8,691152.0000,546,B,12.6500,12.6400,12.6300,12.6200,12.6100,12.6700,12.6800,12.6900,12.7000,12.7100,8,1424,457,472,1300,101,622,632,686,666
SZ,000001,2019-06-18 09:42:54,12.6700,1,10136.0000,8,B,12.6500,12.6400,12.6300,12.6200,12.6100,12.6700,12.6800,12.6900,12.7000,12.7100,114,1414,457,472,1300,93,622,632,686,666
SZ,000001,2019-06-18 09:42:57,12.6500,5,13916.0000,11,S,12.6500,12.6400,12.6300,12.6200,12.6100,12.6700,12.6800,12.6900,12.7000,12.7100,134,1414,457,472,1300,182,622,637,686,666
SZ,000001,2019-06-18 09:43:00,12.6500,3,12656.0000,10,S,12.6500,12.6400,12.6300,12.6200,12.6100,12.6600,12.6700,12.6800,12.6900,12.7000,136,1414,457,485,1300,2,681,622,637,686
SZ,000001,2019-06-18 09:43:03,12.6500,12,91084.0000,72,S,12.6500,12.6400,12.6300,12.6200,12.6100,12.6600,12.6700,12.6800,12.6900,12.7000,90,1414,457,485,1306,1,685,622,637,686
SZ,000001,2019-06-18 09:43:06,12.6600,5,12664.0000,10,B,12.6500,12.6400,12.6300,12.6200,12.6100,12.6700,12.6800,12.6900,12.7000,12.7100,91,1414,457,692,1306,679,622,637,686,700
SZ,000001,2019-06-18 09:43:15,12.6700,16,886564.0000,700,B,12.6500,12.6400,12.6300,12.6200,12.6100,12.6700,12.6800,12.6900,12.7000,12.7100,141,1413,467,795,1306,187,622,647,686,703
SZ,000001,2019-06-18 09:43:18,12.6700,4,111496.0000,88,B,12.6600,12.6500,12.6400,12.6300,12.6200,12.6700,12.6800,12.6900,12.7000,12.7100,2,143,1618,467,795,110,622,647,686,703
SZ,000001,2019-06-18 09:43:21,12.6600,2,7600.0000,6,S,12.6600,12.6500,12.6400,12.6300,12.6200,12.6700,12.6800,12.6900,12.7000,12.7100,2,161,1618,467,795,105,622,647,686,703
SZ,000001,2019-06-18 09:43:24,12.6500,4,11396.0000,9,S,12.6500,12.6400,12.6300,12.6200,12.6100,12.6600,12.6700,12.6800,12.6900,12.7000,159,1618,487,795,1306,743,106,622,647,686
SZ,000001,2019-06-18 09:43:27,12.6600,1,46844.0000,37,B,12.6500,12.6400,12.6300,12.6200,12.6100,12.6600,12.6700,12.6800,12.6900,12.7000,223,1618,487,588,1306,706,106,632,647,686
SZ,000001,2019-06-18 09:43:30,12.6500,6,99992.0000,79,S,12.6500,12.6400,12.6300,12.6200,12.6100,12.6600,12.6700,12.6800,12.6900,12.7000,224,1618,487,588,1336,647,406,632,656,686
SZ,000001,2019-06-18 09:43:36,12.6600,3,8860.0000,7,B,12.6500,12.6400,12.6300,12.6200,12.6100,12.6600,12.6700,12.6800,12.6900,12.7000,242,1813,437,618,1336,653,418,632,656,686
SZ,000001,2019-06-18 09:43:39,12.6500,16,306132.0000,242,S,12.6400,12.6300,12.6200,12.6100,12.6000,12.6500,12.6600,12.6700,12.6800,12.6900,1864,437,618,1336,1306,358,653,418,632,656
SZ,000001,2019-06-18 09:43:42,12.6500,7,103728.0000,82,B,12.6400,12.6300,12.6200,12.6100,12.6000,12.6500,12.6600,12.6700,12.6800,12.6900,1859,437,618,1336,1306,292,672,418,632,656
SZ,000001,2019-06-18 09:43:45,12.6500,5,58184.0000,46,B,12.6400,12.6300,12.6200,12.6100,12.6000,12.6500,12.6600,12.6700,12.6800,12.6900,1857,437,618,1336,1306,266,672,420,632,656
SZ,000001,2019-06-18 09:43:48,12.6400,2,20240.0000,16,S,12.6400,12.6300,12.6200,12.6100,12.6000,12.6500,12.6600,12.6700,12.6800,12.6900,1857,437,768,1339,1306,252,672,420,572,656
SZ,000001,2019-06-18 09:43:51,12.6500,14,128976.0000,102,B,12.6400,12.6300,12.6200,12.6100,12.6000,12.6500,12.6600,12.6700,12.6800,12.6900,1806,437,768,1339,1306,204,672,420,572,656
SZ,000001,2019-06-18 09:43:54,12.6400,2,36656.0000,29,S,12.6400,12.6300,12.6200,12.6100,12.6000,12.6500,12.6600,12.6700,12.6800,12.6900,1834,437,768,1339,1306,205,672,430,572,656
SZ,000001,2019-06-18 09:43:57,12.6400,8,314752.0000,249,S,12.6400,12.6300,12.6200,12.6100,12.6000,12.6500,12.6600,12.6700,12.6800,12.6900,1617,437,768,1339,1306,261,672,431,572,656
SZ,000001,2019-06-18 09:44:00,12.6400,6,37944.0000,30,S,12.6400,12.6300,12.6200,12.6100,12.6000,12.6500,12.6600,12.6700,12.6800,12.6900,1606,437,768,1339,1306,234,672,432,572,656
SZ,000001,2019-06-18 09:44:03,12.6400,36,2042632.0000,1616,S,12.6300,12.6200,12.6100,12.6000,12.5900,12.6400,12.6500,12.6600,12.6700,12.6800,437,768,1339,1306,303,1214,286,672,432,577
SZ,000001,2019-06-18 09:44:06,12.6400,3,46768.0000,37,B,12.6300,12.6200,12.6100,12.6000,12.5900,12.6400,12.6500,12.6600,12.6700,12.6800,442,976,1339,1316,303,1265,315,572,431,577
SZ,000001,2019-06-18 09:44:09,12.6300,1,25256.0000,20,S,12.6300,12.6200,12.6100,12.6000,12.5900,12.6400,12.6500,12.6600,12.6700,12.6800,407,976,1339,1316,303,1266,315,572,434,577
SZ,000001,2019-06-18 09:44:12,12.6300,26,525408.0000,416,S,12.6200,12.6100,12.6000,12.5900,12.5800,12.6300,12.6400,12.6500,12.6600,12.6700,920,1339,1316,303,875,207,1281,300,572,434
SZ,000001,2019-06-18 09:44:15,12.6400,3,678564.0000,537,B,12.6300,12.6200,12.6100,12.6000,12.5900,12.6400,12.6500,12.6600,12.6700,12.6800,1,926,1339,1316,303,950,300,580,434,577
SZ,000001,2019-06-18 09:44:18,12.6400,4,12632.0000,10,B,12.6200,12.6100,12.6000,12.5900,12.5800,12.6300,12.6400,12.6500,12.6600,12.6700,925,1333,1316,303,875,19,948,300,580,434
SZ,000001,2019-06-18 09:44:21,12.6200,3,25260.0000,20,S,12.6200,12.6100,12.6000,12.5900,12.5800,12.6300,12.6400,12.6500,12.6600,12.6700,924,1413,1306,303,875,27,996,238,98,434
SZ,000001,2019-06-18 09:44:24,12.6300,7,70728.0000,56,B,12.6300,12.6200,12.6100,12.6000,12.5900,12.6400,12.6500,12.6600,12.6700,12.6800,10,974,1413,1404,324,981,238,98,434,577
SZ,000001,2019-06-18 09:44:27,12.6200,7,175428.0000,139,S,12.6300,12.6200,12.6100,12.6000,12.5900,12.6400,12.6500,12.6600,12.6700,12.6800,55,843,1423,1405,324,963,228,98,451,577
SZ,000001,2019-06-18 09:44:30,12.6300,4,11368.0000,9,S,12.6300,12.6200,12.6100,12.6000,12.5900,12.6400,12.6500,12.6600,12.6700,12.6800,54,843,1423,1426,324,109,228,98,451,577
SZ,000001,2019-06-18 09:44:33,12.6300,10,214804.0000,170,S,12.6300,12.6200,12.6100,12.6000,12.5900,12.6400,12.6500,12.6600,12.6700,12.6800,33,843,1423,1426,324,16,218,98,451,577
SZ,000001,2019-06-18 09:44:36,12.6300,10,51804.0000,41,S,12.6300,12.6200,12.6100,12.6000,12.5900,12.6500,12.6600,12.6700,12.6800,12.6900,24,913,1423,1422,324,218,98,451,575,656
SZ,000001,2019-06-18 09:44:39,12.6300,5,23996.0000,19,S,12.6300,12.6200,12.6100,12.6000,12.5900,12.6500,12.6600,12.6700,12.6800,12.6900,5,928,1423,1427,324,238,98,451,575,661
SZ,000001,2019-06-18 09:44:42,12.6300,4,5056.0000,4,S,12.6300,12.6200,12.6100,12.6000,12.5900,12.6500,12.6600,12.6700,12.6800,12.6900,13,988,1423,1537,324,248,98,451,575,661
SZ,000001,2019-06-18 09:44:45,12.6300,5,18944.0000,15,S,12.6300,12.6200,12.6100,12.6000,12.5900,12.6500,12.6600,12.6700,12.6800,12.6900,48,993,1423,1547,324,219,79,451,575,661
SZ,000001,2019-06-18 09:44:48,12.6500,3,51816.0000,41,B,12.6300,12.6200,12.6100,12.6000,12.5900,12.6500,12.6600,12.6700,12.6800,12.6900,531,993,1453,1547,324,208,81,451,575,661
SZ,000001,2019-06-18 09:44:51,12.6300,5,74516.0000,59,S,12.6300,12.6200,12.6100,12.6000,12.5900,12.6500,12.6600,12.6700,12.6800,12.6900,510,988,1453,1537,324,208,81,445,575,661
SZ,000001,2019-06-18 09:44:54,12.6300,13,1264268.0000,1001,S,12.6300,12.6200,12.6100,12.6000,12.5900,12.6500,12.6600,12.6700,12.6800,12.6900,1,988,1463,1537,334,186,81,445,575,661
SZ,000001,2019-06-18 09:44:57,12.6500,4,17672.0000,14,B,12.6400,12.6300,12.6200,12.6100,12.6000,12.6500,12.6600,12.6700,12.6800,12.6900,17,7,1079,1463,1537,185,81,475,575,661
SZ,000001,2019-06-18 09:45:00,12.6400,1,6320.0000,5,S,12.6400,12.6300,12.6200,12.6100,12.6000,12.6500,12.6600,12.6700,12.6800,12.6900,13,7,1079,1473,1537,199,91,475,575,661
SZ,000001,2019-06-18 09:45:03,12.6300,14,61904.0000,49,S,12.6300,12.6200,12.6100,12.6000,12.5900,12.6500,12.6600,12.6700,12.6800,12.6900,424,1088,1473,1535,344,217,91,475,575,661
SZ,000001,2019-06-18 09:45:06,12.6500,11,211248.0000,167,B,12.6300,12.6200,12.6100,12.6000,12.5900,12.6500,12.6600,12.6700,12.6800,12.6900,424,1088,1443,1550,344,98,91,475,577,661
SZ,000001,2019-06-18 09:45:09,12.6300,5,31580.0000,25,S,12.6300,12.6200,12.6100,12.6000,12.5900,12.6500,12.6600,12.6700,12.6800,12.6900,406,1088,1448,1550,344,108,31,475,577,661
SZ,000001,2019-06-18 09:45:12,12.6500,2,5052.0000,4,B,12.6300,12.6200,12.6100,12.6000,12.5900,12.6500,12.6600,12.6700,12.6800,12.6900,653,1088,1452,1570,344,122,31,475,577,661
SZ,000001,2019-06-18 09:45:15,12.6400,25,887024.0000,701,S,12.6300,12.6200,12.6100,12.6000,12.5900,12.6400,12.6700,12.6800,12.6900,12.7000,685,1088,1452,1580,344,306,475,577,661,323
SZ,000001,2019-06-18 09:45:18,12.6400,5,401952.0000,318,B,12.6400,12.6300,12.6200,12.6100,12.6000,12.6700,12.6800,12.6900,12.7000,12.7100,394,742,1103,1452,1582,480,577,661,323,727
SZ,000001,2019-06-18 09:45:21,12.6400,1,25280.0000,20,S,12.6400,12.6300,12.6200,12.6100,12.6000,12.6600,12.6700,12.6800,12.6900,12.7000,295,757,1130,1477,1582,122,480,577,661,323
SZ,000001,2019-06-18 09:45:24,12.6400,4,144096.0000,114,S,12.6400,12.6300,12.6200,12.6100,12.6000,12.6600,12.6700,12.6800,12.6900,12.7000,188,767,1127,1477,1489,122,480,637,661,323
SZ,000001,2019-06-18 09:45:27,12.6400,5,217744.0000,172,S,12.6400,12.6300,12.6200,12.6100,12.6000,12.6700,12.6800,12.6900,12.7000,12.7100,171,767,1137,1477,1489,450,638,661,323,727
SZ,000001,2019-06-18 09:45:30,12.6700,1,1264.0000,1,B,12.6400,12.6300,12.6200,12.6100,12.6000,12.6700,12.6800,12.6900,12.7000,12.7100,173,772,1143,1477,1490,449,638,661,323,727
SZ,000001,2019-06-18 09:45:33,12.6700,5,31676.0000,25,B,12.6500,12.6400,12.6300,12.6200,12.6100,12.6700,12.6800,12.6900,12.7000,12.7100,1000,173,834,1143,1477,424,638,661,323,727
SZ,000001,2019-06-18 09:45:36,12.6700,8,202708.0000,160,B,12.6500,12.6400,12.6300,12.6200,12.6100,12.6700,12.6800,12.6900,12.7000,12.7100,1007,174,1052,1163,1477,277,638,661,323,727
SZ,000001,2019-06-18 09:45:39,12.6500,1,3792.0000,3,S,12.6500,12.6400,12.6300,12.6200,12.6100,12.6700,12.6800,12.6900,12.7000,12.7100,1004,172,1052,1163,1477,277,638,661,323,727
SZ,000001,2019-06-18 09:45:42,12.6700,4,1118264.0000,884,B,12.6500,12.6400,12.6300,12.6200,12.6100,12.6700,12.6800,12.6900,12.7000,12.7100,121,172,1052,1313,1477,282,638,661,323,727
SZ,000001,2019-06-18 09:45:45,12.6500,4,69588.0000,55,S,12.6500,12.6400,12.6300,12.6200,12.6100,12.6600,12.6700,12.6800,12.6900,12.7000,75,385,1062,1313,1477,74,282,638,621,323
SZ,000001,2019-06-18 09:45:48,12.6600,1,6332.0000,5,B,12.6500,12.6400,12.6300,12.6200,12.6100,12.6600,12.6700,12.6800,12.6900,12.7000,78,380,6268,1313,1477,69,282,638,621,323
SZ,000001,2019-06-18 09:45:51,12.6600,3,29116.0000,23,B,12.6500,12.6400,12.6300,12.6200,12.6100,12.6600,12.6700,12.6800,12.6900,12.7000,85,380,6268,1321,1477,46,300,578,621,323
SZ,000001,2019-06-18 09:45:54,12.6600,4,63300.0000,50,B,12.6600,12.6500,12.6400,12.6300,12.6200,12.6700,12.6800,12.6900,12.7000,12.7100,56,85,380,6305,1329,311,578,621,333,727
SZ,000001,2019-06-18 09:45:57,12.6600,4,55736.0000,44,S,12.6600,12.6500,12.6400,12.6300,12.6200,12.6700,12.6800,12.6900,12.7000,12.7100,45,98,385,6305,1329,593,578,621,338,727
SZ,000001,2019-06-18 09:46:00,12.6600,3,7592.0000,6,S,12.6600,12.6500,12.6400,12.6300,12.6200,12.6700,12.6800,12.6900,12.7000,12.7100,39,98,385,6305,1329,593,578,621,338,727
SZ,000001,2019-06-18 09:46:03,12.6500,13,74676.0000,59,S,12.6500,12.6400,12.6300,12.6200,12.6100,12.6700,12.6800,12.6900,12.7000,12.7100,178,385,6315,1329,1487,728,578,621,338,727
SZ,000001,2019-06-18 09:46:06,12.6700,1,1268.0000,1,B,12.6500,12.6400,12.6300,12.6200,12.6100,12.6600,12.6700,12.6800,12.6900,12.7000,183,385,6315,1329,1487,11,718,578,621,338
SZ,000001,2019-06-18 09:46:09,12.6700,8,59504.0000,47,B,12.6500,12.6400,12.6300,12.6200,12.6100,12.6700,12.6800,12.6900,12.7000,12.7100,184,390,6315,1299,1487,730,578,621,496,737
SZ,000001,2019-06-18 09:46:12,12.6500,19,260608.0000,206,S,12.6400,12.6300,12.6200,12.6100,12.6000,12.6500,12.6700,12.6800,12.6900,12.7000,390,6315,1299,1487,1477,646,730,578,621,496
SZ,000001,2019-06-18 09:46:15,12.6500,2,592024.0000,468,B,12.6400,12.6300,12.6200,12.6100,12.6000,12.6500,12.6700,12.6800,12.6900,12.7000,404,6335,1299,1487,1491,179,700,578,621,496
SZ,000001,2019-06-18 09:46:18,12.6500,3,29088.0000,23,B,12.6400,12.6300,12.6200,12.6100,12.6000,12.6500,12.6700,12.6800,12.6900,12.7000,392,6335,1299,1487,1511,163,700,587,621,496
SZ,000001,2019-06-18 09:46:21,12.6500,3,69568.0000,55,B,12.6400,12.6300,12.6200,12.6100,12.6000,12.6500,12.6700,12.6800,12.6900,12.7000,392,6335,1299,1487,1511,331,700,587,621,496
SZ,000001,2019-06-18 09:46:27,12.6400,8,53116.0000,42,S,12.6400,12.6300,12.6200,12.6100,12.6000,12.6500,12.6700,12.6800,12.6900,12.7000,719,6308,1299,1487,1521,305,702,587,613,496
SZ,000001,2019-06-18 09:46:30,12.6500,2,5060.0000,4,B,12.6400,12.6300,12.6200,12.6100,12.6000,12.6500,12.6700,12.6800,12.6900,12.7000,731,6308,1299,1482,1521,306,710,587,613,496
SZ,000001,2019-06-18 09:46:33,12.6400,23,1066816.0000,844,S,12.6300,12.6200,12.6100,12.6000,12.5900,12.6400,12.6500,12.6700,12.6800,12.6900,6308,1299,1482,1521,394,101,306,732,587,613
SZ,000001,2019-06-18 09:46:36,12.6400,1,127664.0000,101,B,12.6400,12.6300,12.6200,12.6100,12.6000,12.6500,12.6700,12.6800,12.6900,12.7000,118,6308,1319,1452,1521,306,732,587,613,496
SZ,000001,2019-06-18 09:46:39,12.6500,9,427560.0000,338,B,12.6500,12.6400,12.6300,12.6200,12.6100,12.6600,12.6700,12.6800,12.6900,12.7000,14,113,6308,1319,1452,30,648,607,563,496
SZ,000001,2019-06-18 09:46:42,12.6500,3,69572.0000,55,S,12.6500,12.6400,12.6300,12.6200,12.6100,12.6600,12.6700,12.6800,12.6900,12.7000,2,40,6308,1319,1452,30,648,607,563,496
SZ,000001,2019-06-18 09:46:45,12.6500,8,37924.0000,30,S,12.6500,12.6400,12.6300,12.6200,12.6100,12.6600,12.6700,12.6800,12.6900,12.7000,6,88,6308,1319,1492,30,648,607,563,496
SZ,000001,2019-06-18 09:46:51,12.6500,4,8856.0000,7,S,12.6400,12.6300,12.6200,12.6100,12.6000,12.6500,12.6600,12.6700,12.6800,12.6900,127,6308,1319,1492,1521,6,79,648,607,563
SZ,000001,2019-06-18 09:46:54,12.6600,30,7167712.0000,5675,B,12.6400,12.6300,12.6200,12.6100,12.6000,12.6600,12.6700,12.6800,12.6900,12.7000,14,809,1319,1492,1521,170,648,607,563,505
SZ,000001,2019-06-18 09:46:57,12.6500,7,121496.0000,96,S,12.6400,12.6300,12.6200,12.6100,12.6000,12.6600,12.6700,12.6800,12.6900,12.7000,14,809,1319,1492,1521,128,648,607,552,505
SZ,000001,2019-06-18 09:47:00,12.6300,11,1040728.0000,824,S,12.6200,12.6100,12.6000,12.5900,12.5800,12.6300,12.6500,12.6600,12.6700,12.6800,1319,1492,1526,397,900,587,31,128,648,607
SZ,000001,2019-06-18 09:47:03,12.6200,14,83304.0000,66,S,12.6200,12.6100,12.6000,12.5900,12.5800,12.6300,12.6400,12.6500,12.6600,12.6700,1260,1492,1533,397,900,602,21,32,128,648
SZ,000001,2019-06-18 09:47:06,12.6300,3,60616.0000,48,B,12.6200,12.6100,12.6000,12.5900,12.5800,12.6300,12.6400,12.6500,12.6600,12.6700,1252,1492,1579,397,900,562,23,32,128,648
SZ,000001,2019-06-18 09:47:09,12.6300,3,27784.0000,22,B,12.6200,12.6100,12.6000,12.5900,12.5800,12.6300,12.6400,12.6500,12.6600,12.6700,1250,1492,1579,397,900,542,23,32,128,648
SZ,000001,2019-06-18 09:47:12,12.6200,44,1590120.0000,1260,S,12.6100,12.6000,12.5900,12.5800,12.5700,12.6200,12.6300,12.6400,12.6500,12.6600,1491,1579,397,905,287,3455,546,23,41,128
SZ,000001,2019-06-18 09:47:15,12.6200,34,3084752.0000,2445,B,12.6100,12.6000,12.5900,12.5800,12.5700,12.6200,12.6300,12.6400,12.6500,12.6600,648,1569,397,907,287,1873,528,23,41,128
SZ,000001,2019-06-18 09:47:18,12.6100,6,181624.0000,144,S,12.6100,12.6000,12.5900,12.5800,12.5700,12.6200,12.6300,12.6400,12.6500,12.6600,552,1562,397,907,287,1835,536,23,38,128
SZ,000001,2019-06-18 09:47:21,12.6200,4,89576.0000,71,B,12.6100,12.6000,12.5900,12.5800,12.5700,12.6200,12.6300,12.6400,12.6500,12.6600,532,1554,397,907,287,1799,536,23,24,179
SZ,000001,2019-06-18 09:47:24,12.6100,2,41608.0000,33,S,12.6100,12.6000,12.5900,12.5800,12.5700,12.6200,12.6300,12.6400,12.6500,12.6600,499,1554,397,907,287,1799,529,23,24,179
SZ,000001,2019-06-18 09:47:27,12.6200,5,108448.0000,86,B,12.6100,12.6000,12.5900,12.5800,12.5700,12.6200,12.6300,12.6400,12.6500,12.6600,387,5145,397,907,287,1802,529,23,24,180
SZ,000001,2019-06-18 09:47:30,12.6200,13,353144.0000,280,B,12.6100,12.6000,12.5900,12.5800,12.5700,12.6200,12.6300,12.6400,12.6500,12.6600,198,5195,397,907,287,1744,19,23,24,180
SZ,000001,2019-06-18 09:47:33,12.6100,14,1113008.0000,882,S,12.6100,12.6000,12.5900,12.5800,12.5700,12.6200,12.6300,12.6400,12.6500,12.6600,147,5197,381,907,287,930,19,23,15,180
SZ,000001,2019-06-18 09:47:36,12.6100,14,133712.0000,106,S,12.6200,12.6100,12.6000,12.5900,12.5800,12.6300,12.6400,12.6500,12.6600,12.6700,39,103,5197,381,907,19,23,15,180,248
SZ,000001,2019-06-18 09:47:39,12.6200,5,7576.0000,6,S,12.6200,12.6100,12.6000,12.5900,12.5800,12.6300,12.6400,12.6500,12.6600,12.6700,38,131,5192,381,907,16,23,15,170,248
SZ,000001,2019-06-18 09:47:42,12.6300,4,11352.0000,9,B,12.6200,12.6100,12.6000,12.5900,12.5800,12.6300,12.6400,12.6500,12.6600,12.6700,30,336,5192,386,907,916,23,15,170,355
SZ,000001,2019-06-18 09:47:45,12.6200,8,37872.0000,30,S,12.6200,12.6100,12.6000,12.5900,12.5800,12.6300,12.6400,12.6500,12.6600,12.6700,21,345,5196,386,907,906,23,15,170,355
SZ,000001,2019-06-18 09:47:48,12.6200,14,113584.0000,90,S,12.6200,12.6100,12.6000,12.5900,12.5800,12.6300,12.6400,12.6500,12.6600,12.6700,26,395,5194,386,907,906,23,15,170,357
SZ,000001,2019-06-18 09:47:51,12.6200,4,34072.0000,27,S,12.6100,12.6000,12.5900,12.5800,12.5700,12.6200,12.6300,12.6400,12.6500,12.6600,397,5194,386,907,287,709,907,23,15,170
SZ,000001,2019-06-18 09:47:54,12.6200,3,54264.0000,43,B,12.6100,12.6000,12.5900,12.5800,12.5700,12.6200,12.6300,12.6400,12.6500,12.6600,414,5214,386,907,287,676,909,23,65,170
SZ,000001,2019-06-18 09:47:57,12.6200,31,626696.0000,497,B,12.6100,12.6000,12.5900,12.5800,12.5700,12.6200,12.6300,12.6400,12.6500,12.6600,43,5173,386,907,307,661,909,23,69,170
SZ,000001,2019-06-18 09:48:00,12.6100,4,86984.0000,69,S,12.6000,12.5900,12.5800,12.5700,12.5600,12.6100,12.6200,12.6300,12.6400,12.6500,5719,386,907,307,761,86,665,909,23,69
SZ,000001,2019-06-18 09:48:03,12.6000,21,224384.0000,178,S,12.6000,12.5900,12.5800,12.5700,12.5600,12.6100,12.6200,12.6300,12.6400,12.6500,5554,405,907,307,761,50,1005,909,23,69
SZ,000001,2019-06-18 09:48:06,12.6000,111,7276576.0000,5775,S,12.5900,12.5800,12.5700,12.5600,12.5500,12.6000,12.6200,12.6300,12.6400,12.6500,426,907,307,761,1160,701,1008,909,23,75
SZ,000001,2019-06-18 09:48:09,12.6000,8,185216.0000,147,B,12.5900,12.5800,12.5700,12.5600,12.5500,12.6000,12.6100,12.6200,12.6300,12.6400,424,807,307,761,1160,617,20,1010,909,42
SZ,000001,2019-06-18 09:48:12,12.6000,5,272160.0000,216,B,12.5900,12.5800,12.5700,12.5600,12.5500,12.6000,12.6100,12.6200,12.6300,12.6400,422,797,308,761,1160,21,20,1010,909,42
SZ,000001,2019-06-18 09:48:15,12.6100,8,98264.0000,78,B,12.6100,12.6000,12.5900,12.5800,12.5700,12.6200,12.6300,12.6400,12.6500,12.6600,493,32,387,797,308,1094,909,42,87,220
SZ,000001,2019-06-18 09:48:18,12.6100,12,538448.0000,427,S,12.6100,12.6000,12.5900,12.5800,12.5700,12.6200,12.6300,12.6400,12.6500,12.6600,71,38,387,797,308,1081,909,42,87,220
SZ,000001,2019-06-18 09:48:21,12.6100,6,36584.0000,29,S,12.6100,12.6000,12.5900,12.5800,12.5700,12.6200,12.6300,12.6400,12.6500,12.6600,56,71,387,797,308,1067,909,42,87,220
SZ,000001,2019-06-18 09:48:24,12.6100,9,157608.0000,125,S,12.6000,12.5900,12.5800,12.5700,12.5600,12.6100,12.6200,12.6300,12.6400,12.6500,145,401,797,308,761,374,1082,909,42,95
SZ,000001,2019-06-18 09:48:27,12.6000,7,113400.0000,90,S,12.6000,12.5900,12.5800,12.5700,12.5600,12.6100,12.6200,12.6300,12.6400,12.6500,73,421,797,308,761,375,1122,909,42,95
SZ,000001,2019-06-18 09:48:30,12.6100,2,3784.0000,3,B,12.6000,12.5900,12.5800,12.5700,12.5600,12.6100,12.6200,12.6300,12.6400,12.6500,232,421,795,308,761,375,1120,11,42,95
SZ,000001,2019-06-18 09:48:33,12.6000,10,282408.0000,224,S,12.6000,12.5900,12.5800,12.5700,12.5600,12.6100,12.6200,12.6300,12.6400,12.6500,199,421,795,308,761,232,1120,11,42,95
SZ,000001,2019-06-18 09:48:36,12.6000,15,278480.0000,221,S,12.5900,12.5800,12.5700,12.5600,12.5500,12.6000,12.6100,12.6200,12.6300,12.6400,621,795,308,761,1184,24,604,1120,11,42
SZ,000001,2019-06-18 09:48:39,12.6000,14,156240.0000,124,B,12.6000,12.5900,12.5800,12.5700,12.5600,12.6100,12.6200,12.6300,12.6400,12.6500,40,1225,785,308,761,673,1125,11,42,115
SZ,000001,2019-06-18 09:48:42,12.6000,11,115920.0000,92,S,12.6000,12.5900,12.5800,12.5700,12.5600,12.6100,12.6200,12.6300,12.6400,12.6500,818,1225,985,314,761,673,1125,11,42,121
SZ,000001,2019-06-18 09:48:45,12.6000,18,297520.0000,236,S,12.6000,12.5900,12.5800,12.5700,12.5600,12.6100,12.6200,12.6300,12.6400,12.6500,831,1225,985,319,761,513,1075,11,42,144
SZ,000001,2019-06-18 09:48:48,12.6000,19,1546816.0000,1227,S,12.6100,12.6000,12.5900,12.5800,12.5700,12.6200,12.6300,12.6400,12.6500,12.6600,5,381,1308,985,319,1075,11,42,144,220
SZ,000001,2019-06-18 09:48:51,12.6100,12,87048.0000,69,S,12.6100,12.6000,12.5900,12.5800,12.5700,12.6200,12.6300,12.6400,12.6500,12.6600,1,408,1308,985,319,1036,11,42,144,220
SZ,000001,2019-06-18 09:48:54,12.6000,4,10080.0000,8,S,12.6000,12.5900,12.5800,12.5700,12.5600,12.6100,12.6200,12.6300,12.6400,12.6500,427,1308,985,319,764,20,694,10,32,144
SZ,000001,2019-06-18 09:48:57,12.6000,8,197848.0000,157,S,12.6000,12.5900,12.5800,12.5700,12.5600,12.6100,12.6200,12.6300,12.6400,12.6500,348,1308,985,319,764,37,708,458,32,138
SZ,000001,2019-06-18 09:49:00,12.6000,8,40344.0000,32,S,12.6000,12.5900,12.5800,12.5700,12.5600,12.6100,12.6200,12.6300,12.6400,12.6500,370,1308,985,319,764,12,708,458,32,148
SZ,000001,2019-06-18 09:49:03,12.6100,21,155040.0000,123,B,12.6100,12.6000,12.5900,12.5800,12.5700,12.6200,12.6300,12.6400,12.6500,12.6600,57,316,1312,1021,319,713,458,32,148,220
SZ,000001,2019-06-18 09:49:06,12.6100,2,18912.0000,15,S,12.6100,12.6000,12.5900,12.5800,12.5700,12.6200,12.6300,12.6400,12.6500,12.6600,42,375,1317,1037,319,723,458,32,148,220
SZ,000001,2019-06-18 09:49:09,12.6200,5,133736.0000,106,B,12.6100,12.6000,12.5900,12.5800,12.5700,12.6200,12.6300,12.6400,12.6500,12.6600,1004,437,1317,1037,319,655,458,32,148,220
SZ,000001,2019-06-18 09:49:12,12.6100,10,99640.0000,79,S,12.6100,12.6000,12.5900,12.5800,12.5700,12.6200,12.6300,12.6400,12.6500,12.6600,967,430,1368,1037,319,634,478,32,148,220
SZ,000001,2019-06-18 09:49:15,12.6200,18,1168232.0000,926,B,12.6100,12.6000,12.5900,12.5800,12.5700,12.6200,12.6300,12.6400,12.6500,12.6600,586,774,1368,1037,319,89,478,32,148,220
SZ,000001,2019-06-18 09:49:18,12.6200,13,146392.0000,116,B,12.6200,12.6100,12.6000,12.5900,12.5800,12.6300,12.6400,12.6500,12.6600,12.6700,505,595,785,1418,1037,478,32,168,220,454
SZ,000001,2019-06-18 09:49:21,12.6000,52,2386752.0000,1893,S,12.5900,12.5800,12.5700,12.5600,12.5500,12.6000,12.6100,12.6200,12.6300,12.6400,1430,1037,324,764,1350,614,100,1260,478,32
SZ,000001,2019-06-18 09:49:24,12.6000,6,245696.0000,195,B,12.5900,12.5800,12.5700,12.5600,12.5500,12.6000,12.6100,12.6200,12.6300,12.6400,1450,1037,324,764,1350,424,100,1310,478,32
SZ,000001,2019-06-18 09:49:27,12.6000,7,565768.0000,449,B,12.6000,12.5900,12.5800,12.5700,12.5600,12.6100,12.6200,12.6300,12.6400,12.6500,73,1452,1061,324,769,100,1880,478,32,168
SZ,000001,2019-06-18 09:49:30,12.6000,33,797136.0000,633,S,12.6000,12.5900,12.5800,12.5700,12.5600,12.6100,12.6200,12.6300,12.6400,12.6500,581,918,1061,324,769,102,1880,478,32,168
SZ,000001,2019-06-18 09:49:33,12.5900,8,758512.0000,602,S,12.5900,12.5800,12.5700,12.5600,12.5500,12.6000,12.6100,12.6200,12.6300,12.6400,1174,1061,328,769,1351,1458,102,1890,478,32
SZ,000001,2019-06-18 09:49:36,12.5900,7,65496.0000,52,S,12.5900,12.5800,12.5700,12.5600,12.5500,12.6000,12.6100,12.6200,12.6300,12.6400,1148,1061,328,769,1351,1432,102,1890,478,32
SZ,000001,2019-06-18 09:49:39,12.5900,6,142376.0000,113,S,12.5900,12.5800,12.5700,12.5600,12.5500,12.6000,12.6100,12.6200,12.6300,12.6400,1346,1081,328,769,1351,1715,146,1890,478,32
SZ,000001,2019-06-18 09:49:42,12.5900,4,298600.0000,237,S,12.5900,12.5800,12.5700,12.5600,12.5500,12.6000,12.6100,12.6200,12.6300,12.6400,1341,1081,328,769,1351,1502,146,1890,478,32
SZ,000001,2019-06-18 09:49:45,12.5900,4,201568.0000,160,S,12.5900,12.5800,12.5700,12.5600,12.5500,12.6000,12.6100,12.6200,12.6300,12.6400,1312,1111,328,769,1351,1378,146,1893,478,32
SZ,000001,2019-06-18 09:49:48,12.5900,7,143536.0000,114,S,12.5900,12.5800,12.5700,12.5600,12.5500,12.6000,12.6100,12.6200,12.6300,12.6400,1234,1192,303,779,1361,1473,196,1893,478,32
SZ,000001,2019-06-18 09:49:51,12.5900,1,182552.0000,145,S,12.5900,12.5800,12.5700,12.5600,12.5500,12.6000,12.6100,12.6200,12.6300,12.6400,1094,1189,323,779,1361,1482,196,1893,478,32
SZ,000001,2019-06-18 09:49:54,12.5900,4,263328.0000,209,S,12.5900,12.5800,12.5700,12.5600,12.5500,12.6000,12.6100,12.6200,12.6300,12.6400,1109,1189,333,769,1361,1295,236,1893,478,32
SZ,000001,2019-06-18 09:49:57,12.6000,4,37768.0000,30,B,12.5900,12.5800,12.5700,12.5600,12.5500,12.6000,12.6100,12.6200,12.6300,12.6400,1089,1189,333,869,1361,1293,236,1883,478,32
SZ,000001,2019-06-18 09:50:00,12.6000,1,12600.0000,10,B,12.5900,12.5800,12.5700,12.5600,12.5500,12.6000,12.6100,12.6200,12.6300,12.6400,1094,1189,328,869,1381,1290,236,1883,478,32
SZ,000001,2019-06-18 09:50:03,12.6000,15,115848.0000,92,B,12.5900,12.5800,12.5700,12.5600,12.5500,12.6000,12.6100,12.6200,12.6300,12.6400,1021,1189,328,1069,1381,1281,236,1883,478,32
SZ,000001,2019-06-18 09:50:06,12.6000,8,79320.0000,63,B,12.5900,12.5800,12.5700,12.5600,12.5500,12.6000,12.6100,12.6200,12.6300,12.6400,997,1244,328,1069,1401,1425,236,1883,478,32
SZ,000001,2019-06-18 09:50:09,12.5900,22,1018584.0000,809,S,12.5900,12.5800,12.5700,12.5600,12.5500,12.6000,12.6100,12.6200,12.6300,12.6400,263,1265,328,1169,1401,1337,236,1883,478,32
SZ,000001,2019-06-18 09:50:12,12.6000,5,807584.0000,641,B,12.5900,12.5800,12.5700,12.5600,12.5500,12.6000,12.6100,12.6200,12.6300,12.6400,214,1265,328,1169,1401,775,236,1883,478,32
SZ,000001,2019-06-18 09:50:15,12.5900,16,124664.0000,99,S,12.5900,12.5800,12.5700,12.5600,12.5500,12.6000,12.6100,12.6200,12.6300,12.6400,164,1266,328,1169,2272,869,196,1883,478,32
SZ,000001,2019-06-18 09:50:18,12.5900,4,17640.0000,14,S,12.5900,12.5800,12.5700,12.5600,12.5500,12.6000,12.6100,12.6200,12.6300,12.6400,194,1266,328,1169,2272,855,162,1883,478,32
SZ,000001,2019-06-18 09:50:21,12.5900,7,60448.0000,48,S,12.5900,12.5800,12.5700,12.5600,12.5500,12.6000,12.6100,12.6200,12.6300,12.6400,198,1291,594,1182,2272,846,162,1883,478,32
SZ,000001,2019-06-18 09:50:24,12.5900,17,253464.0000,201,S,12.5900,12.5800,12.5700,12.5600,12.5500,12.6000,12.6100,12.6200,12.6300,12.6400,154,1291,594,1182,2272,621,162,1883,478,32
SZ,000001,2019-06-18 09:50:27,12.6000,7,240648.0000,191,B,12.5900,12.5800,12.5700,12.5600,12.5500,12.6000,12.6100,12.6200,12.6300,12.6400,727,1292,619,1182,2282,445,207,1323,478,32
SZ,000001,2019-06-18 09:50:30,12.5900,8,71792.0000,57,S,12.5900,12.5800,12.5700,12.5600,12.5500,12.6000,12.6100,12.6200,12.6300,12.6400,778,1295,621,1188,2282,372,207,1323,478,32
SZ,000001,2019-06-18 09:50:33,12.6000,38,541752.0000,430,B,12.6000,12.5900,12.5800,12.5700,12.5600,12.6100,12.6200,12.6300,12.6400,12.6500,162,1103,1561,621,1193,207,1323,478,32,189
SZ,000001,2019-06-18 09:50:36,12.6000,3,194048.0000,154,S,12.6000,12.5900,12.5800,12.5700,12.5600,12.6100,12.6200,12.6300,12.6400,12.6500,443,1102,1605,621,1193,213,1326,478,32,174
SZ,000001,2019-06-18 09:50:39,12.6100,5,68048.0000,54,B,12.6000,12.5900,12.5800,12.5700,12.5600,12.6100,12.6200,12.6300,12.6400,12.6500,564,1109,1605,621,1208,202,1326,478,32,174
SZ,000001,2019-06-18 09:50:42,12.6000,2,41592.0000,33,S,12.6000,12.5900,12.5800,12.5700,12.5600,12.6100,12.6200,12.6300,12.6400,12.6500,587,1119,1615,621,1307,192,1326,478,32,174
SZ,000001,2019-06-18 09:50:45,12.6000,12,243256.0000,193,S,12.6000,12.5900,12.5800,12.5700,12.5600,12.6100,12.6200,12.6300,12.6400,12.6500,498,1154,1615,621,1307,123,1326,478,32,174
SZ,000001,2019-06-18 09:50:48,12.6100,11,81960.0000,65,B,12.6000,12.5900,12.5800,12.5700,12.5600,12.6100,12.6200,12.6300,12.6400,12.6500,518,1154,1615,621,1307,73,1326,478,32,174
SZ,000001,2019-06-18 09:50:51,12.6000,8,27744.0000,22,S,12.6000,12.5900,12.5800,12.5700,12.5600,12.6100,12.6200,12.6300,12.6400,12.6500,530,1261,1615,621,1307,52,1326,474,32,174
SZ,000001,2019-06-18 09:50:54,12.6100,17,85744.0000,68,B,12.6100,12.6000,12.5900,12.5800,12.5700,12.6200,12.6300,12.6400,12.6500,12.6600,60,583,1269,1615,621,1326,474,32,174,161
SZ,000001,2019-06-18 09:50:57,12.6100,6,429064.0000,340,S,12.6100,12.6000,12.5900,12.5800,12.5700,12.6200,12.6300,12.6400,12.6500,12.6600,64,592,1274,1623,596,996,474,32,174,161
SZ,000001,2019-06-18 09:51:00,12.6100,31,892288.0000,708,S,12.6000,12.5900,12.5800,12.5700,12.5600,12.6200,12.6300,12.6400,12.6500,12.6600,166,1283,1623,596,1327,977,473,32,174,161
SZ,000001,2019-06-18 09:51:03,12.5900,21,359048.0000,285,S,12.5900,12.5800,12.5700,12.5600,12.5500,12.6000,12.6100,12.6200,12.6300,12.6400,1276,1623,596,1327,2358,606,17,995,473,32
SZ,000001,2019-06-18 09:51:06,12.6000,13,123464.0000,98,B,12.5900,12.5800,12.5700,12.5600,12.5500,12.6000,12.6100,12.6200,12.6300,12.6400,1266,1547,603,1337,2358,548,39,980,473,32
SZ,000001,2019-06-18 09:51:09,12.6000,9,132296.0000,105,B,12.5900,12.5800,12.5700,12.5600,12.5500,12.6000,12.6100,12.6200,12.6300,12.6400,1443,1562,603,1337,2361,443,39,985,473,132
SZ,000001,2019-06-18 09:51:12,12.6000,9,83144.0000,66,B,12.5900,12.5800,12.5700,12.5600,12.5500,12.6000,12.6100,12.6200,12.6300,12.6400,1435,1562,603,1337,2381,393,39,985,473,132
SZ,000001,2019-06-18 09:51:15,12.6100,14,563280.0000,447,B,12.6100,12.6000,12.5900,12.5800,12.5700,12.6200,12.6300,12.6400,12.6500,12.6600,430,15,1606,1562,603,983,473,132,697,211
SZ,000001,2019-06-18 09:51:18,12.6100,7,559872.0000,444,S,12.6100,12.6000,12.5900,12.5800,12.5700,12.6200,12.6300,12.6400,12.6500,12.6600,8,3,1619,1562,603,988,473,132,697,211
SZ,000001,2019-06-18 09:51:21,12.6100,1,10088.0000,8,S,12.6000,12.5900,12.5800,12.5700,12.5600,12.6100,12.6200,12.6300,12.6400,12.6500,3,1606,1562,603,1337,10,988,473,134,697
SZ,000001,2019-06-18 09:51:24,12.6200,3,41632.0000,33,B,12.6100,12.6000,12.5900,12.5800,12.5700,12.6200,12.6300,12.6400,12.6500,12.6600,92,137,1613,1562,603,973,473,134,697,211
SZ,000001,2019-06-18 09:51:27,12.6100,2,63048.0000,50,S,12.6100,12.6000,12.5900,12.5800,12.5700,12.6200,12.6300,12.6400,12.6500,12.6600,62,143,1613,1562,603,975,473,134,697,211
SZ,000001,2019-06-18 09:51:30,12.6100,6,64312.0000,51,S,12.6100,12.6000,12.5900,12.5800,12.5700,12.6200,12.6300,12.6400,12.6500,12.6600,11,278,1613,1564,633,987,477,134,697,211
SZ,000001,2019-06-18 09:51:33,12.6100,1,8824.0000,7,S,12.6100,12.6000,12.5900,12.5800,12.5700,12.6200,12.6300,12.6400,12.6500,12.6600,6,417,1694,1584,633,1002,477,134,697,211
SZ,000001,2019-06-18 09:51:36,12.6100,3,8832.0000,7,S,12.6000,12.5900,12.5800,12.5700,12.5600,12.6100,12.6200,12.6300,12.6400,12.6500,432,1674,1584,633,1387,162,1008,477,134,697
SZ,000001,2019-06-18 09:51:39,12.6100,2,2520.0000,2,B,12.6000,12.5900,12.5800,12.5700,12.5600,12.6100,12.6200,12.6300,12.6400,12.6500,482,1677,1591,643,1442,161,1008,477,134,692
SZ,000001,2019-06-18 09:51:42,12.6000,4,50424.0000,40,S,12.6000,12.5900,12.5800,12.5700,12.5600,12.6100,12.6200,12.6300,12.6400,12.6500,487,1667,1591,643,1443,141,1018,477,134,692
SZ,000001,2019-06-18 09:51:45,12.6100,30,1382888.0000,1098,B,12.6000,12.5900,12.5800,12.5700,12.5600,12.6100,12.6200,12.6300,12.6400,12.6500,50,1079,1594,641,1443,130,1075,477,134,712
SZ,000001,2019-06-18 09:51:48,12.6200,29,1560912.0000,1237,B,12.6200,12.6000,12.5900,12.5800,12.5700,12.6300,12.6400,12.6500,12.6600,12.6700,4110,22,1071,1667,641,477,134,712,211,352
SZ,000001,2019-06-18 09:51:51,12.6300,3,123712.0000,98,B,12.6200,12.6000,12.5900,12.5800,12.5700,12.6300,12.6400,12.6500,12.6600,12.6700,4102,83,1063,1667,647,442,134,712,211,352
SZ,000001,2019-06-18 09:51:54,12.6200,5,150280.0000,119,S,12.6200,12.6100,12.6000,12.5900,12.5800,12.6300,12.6400,12.6500,12.6600,12.6700,4083,5,90,1077,1667,342,134,712,211,352
SZ,000001,2019-06-18 09:51:57,12.6300,2,3784.0000,3,B,12.6200,12.6100,12.6000,12.5900,12.5800,12.6300,12.6400,12.6500,12.6600,12.6700,4081,5,100,1077,1697,343,134,712,211,352
SZ,000001,2019-06-18 09:52:00,12.6200,1,184256.0000,146,S,12.6200,12.6100,12.6000,12.5900,12.5800,12.6300,12.6400,12.6500,12.6600,12.6700,3935,5,100,1077,1697,344,134,712,211,352
SZ,000001,2019-06-18 09:52:03,12.6200,12,97192.0000,77,S,12.6200,12.6100,12.6000,12.5900,12.5800,12.6300,12.6400,12.6500,12.6600,12.6700,3878,5,100,1077,1697,356,134,682,211,347
SZ,000001,2019-06-18 09:52:06,12.6200,1,3784.0000,3,S,12.6200,12.6100,12.6000,12.5900,12.5800,12.6300,12.6400,12.6500,12.6600,12.6700,3875,5,100,1077,1697,118,163,682,211,347
SZ,000001,2019-06-18 09:52:09,12.6200,8,552784.0000,438,S,12.6200,12.6000,12.5900,12.5800,12.5700,12.6300,12.6400,12.6500,12.6600,12.6700,3469,110,1077,1697,666,95,163,682,220,347
SZ,000001,2019-06-18 09:52:12,12.6200,2,2520.0000,2,S,12.6200,12.6000,12.5900,12.5800,12.5700,12.6300,12.6400,12.6500,12.6600,12.6700,3477,110,1177,1697,669,78,163,682,220,347
SZ,000001,2019-06-18 09:52:15,12.6300,8,65640.0000,52,B,12.6200,12.6000,12.5900,12.5800,12.5700,12.6300,12.6400,12.6500,12.6600,12.6700,3436,110,1197,1697,669,69,163,682,220,347
SZ,000001,2019-06-18 09:52:18,12.6300,5,11368.0000,9,B,12.6200,12.6000,12.5900,12.5800,12.5700,12.6300,12.6400,12.6500,12.6600,12.6700,3443,110,1197,1697,669,61,455,682,220,347
SZ,000001,2019-06-18 09:52:21,12.6300,3,26520.0000,21,B,12.6200,12.6000,12.5900,12.5800,12.5700,12.6300,12.6400,12.6500,12.6600,12.6700,3443,110,1202,1697,669,45,455,682,215,347
SZ,000001,2019-06-18 09:52:24,12.6200,2,31552.0000,25,S,12.6200,12.6100,12.6000,12.5900,12.5800,12.6300,12.6400,12.6500,12.6600,12.6700,3420,26,135,1202,1697,69,455,682,215,347
SZ,000001,2019-06-18 09:52:27,12.6200,2,2520.0000,2,S,12.6200,12.6100,12.6000,12.5900,12.5800,12.6300,12.6400,12.6500,12.6600,12.6700,3419,26,145,1202,1717,83,455,682,230,347
SZ,000001,2019-06-18 09:52:30,12.6200,6,37880.0000,30,S,12.6200,12.6100,12.6000,12.5900,12.5800,12.6300,12.6400,12.6500,12.6600,12.6700,3408,26,145,1202,1717,64,455,682,230,347
SZ,000001,2019-06-18 09:52:33,12.6200,10,1039920.0000,824,S,12.6200,12.6100,12.6000,12.5900,12.5800,12.6300,12.6400,12.6500,12.6600,12.6700,2621,26,145,1202,1717,84,455,682,230,345
SZ,000001,2019-06-18 09:52:36,12.6200,2,7576.0000,6,S,12.6200,12.6000,12.5900,12.5800,12.5700,12.6300,12.6400,12.6500,12.6600,12.6700,2616,145,1202,1723,669,83,455,682,230,345
SZ,000001,2019-06-18 09:52:39,12.6200,3,27776.0000,22,S,12.6200,12.6000,12.5900,12.5800,12.5700,12.6300,12.6400,12.6500,12.6600,12.6700,2664,145,1202,1723,669,73,455,682,230,345
SZ,000001,2019-06-18 09:52:42,12.6200,3,31544.0000,25,S,12.6200,12.6000,12.5900,12.5800,12.5700,12.6300,12.6400,12.6500,12.6600,12.6700,2640,145,1202,1723,669,187,455,682,230,345
SZ,000001,2019-06-18 09:52:45,12.6200,1,12624.0000,10,S,12.6200,12.6000,12.5900,12.5800,12.5700,12.6300,12.6400,12.6500,12.6600,12.6700,2604,145,1202,1723,669,207,455,682,230,345
SZ,000001,2019-06-18 09:52:48,12.6200,3,111056.0000,88,S,12.6200,12.6000,12.5900,12.5800,12.5700,12.6300,12.6400,12.6500,12.6600,12.6700,2516,145,1202,1723,669,207,455,682,230,345
SZ,000001,2019-06-18 09:52:51,12.6200,5,74464.0000,59,S,12.6200,12.6000,12.5900,12.5800,12.5700,12.6300,12.6400,12.6500,12.6600,12.6700,2463,145,1202,1723,669,221,455,682,230,345
SZ,000001,2019-06-18 09:52:54,12.6300,12,294264.0000,233,B,12.6300,12.6200,12.6000,12.5900,12.5800,12.6400,12.6500,12.6600,12.6700,12.6800,780,2451,145,1192,1743,455,682,230,345,353
SZ,000001,2019-06-18 09:53:00,12.6300,3,122512.0000,97,S,12.6300,12.6200,12.6000,12.5900,12.5800,12.6400,12.6500,12.6600,12.6700,12.6800,691,2450,163,1192,1720,455,682,240,345,353
SZ,000001,2019-06-18 09:53:03,12.6300,25,781072.0000,618,S,12.6300,12.6200,12.6000,12.5900,12.5800,12.6500,12.6600,12.6700,12.6800,12.6900,612,2450,163,1192,1720,682,240,345,353,989
SZ,000001,2019-06-18 09:53:06,12.6300,2,68208.0000,54,S,12.6300,12.6200,12.6000,12.5900,12.5800,12.6500,12.6600,12.6700,12.6800,12.6900,559,2389,173,1111,1720,682,240,345,353,989
SZ,000001,2019-06-18 09:53:09,12.6500,6,41712.0000,33,B,12.6300,12.6200,12.6000,12.5900,12.5800,12.6500,12.6600,12.6700,12.6800,12.6900,570,2389,223,1111,1720,662,240,345,353,994
SZ,000001,2019-06-18 09:53:12,12.6200,11,1193208.0000,945,S,12.6200,12.6000,12.5900,12.5800,12.5700,12.6300,12.6500,12.6600,12.6700,12.6800,2029,213,1111,1717,769,17,663,240,345,353
SZ,000001,2019-06-18 09:53:15,12.6300,2,13896.0000,11,B,12.6200,12.6000,12.5900,12.5800,12.5700,12.6300,12.6500,12.6600,12.6700,12.6800,2030,213,1111,1717,769,6,665,230,345,353
SZ,000001,2019-06-18 09:53:18,12.6200,2,3024.0000,3,S,12.6200,12.6000,12.5900,12.5800,12.5700,12.6300,12.6500,12.6600,12.6700,12.6800,2031,213,1111,1717,769,24,665,230,345,353
SZ,000001,2019-06-18 09:53:24,12.6300,3,42944.0000,34,B,12.6200,12.6000,12.5900,12.5800,12.5700,12.6300,12.6400,12.6500,12.6600,12.6700,2054,213,1120,1726,769,2,32,165,230,345
SZ,000001,2019-06-18 09:53:27,12.6300,4,7584.0000,6,B,12.6200,12.6000,12.5900,12.5800,12.5700,12.6400,12.6500,12.6600,12.6700,12.6800,2078,213,1120,1727,769,35,172,230,345,453
SZ,000001,2019-06-18 09:53:30,12.6200,1,25232.0000,20,S,12.6300,12.6200,12.6000,12.5900,12.5800,12.6400,12.6500,12.6600,12.6700,12.6800,100,2061,213,1120,1737,190,172,230,345,453
SZ,000001,2019-06-18 09:53:33,12.6400,3,55584.0000,44,B,12.6300,12.6200,12.6000,12.5900,12.5800,12.6400,12.6500,12.6600,12.6700,12.6800,272,2068,213,1120,1737,183,172,230,345,453
SZ,000001,2019-06-18 09:53:36,12.6400,4,13896.0000,11,B,12.6300,12.6200,12.6000,12.5900,12.5800,12.6400,12.6500,12.6600,12.6700,12.6800,262,2068,213,1125,1737,182,192,250,375,453
SZ,000001,2019-06-18 09:53:39,12.6400,2,8848.0000,7,B,12.6300,12.6200,12.6000,12.5900,12.5800,12.6400,12.6500,12.6600,12.6700,12.6800,262,2068,245,1123,1737,175,192,250,395,453
SZ,000001,2019-06-18 09:53:42,12.6300,2,11368.0000,9,S,12.6300,12.6200,12.6000,12.5900,12.5800,12.6400,12.6500,12.6600,12.6700,12.6800,262,2078,245,1123,1737,171,203,250,395,453
SZ,000001,2019-06-18 09:53:45,12.6300,7,207232.0000,164,S,12.6300,12.6200,12.6000,12.5900,12.5800,12.6400,12.6500,12.6600,12.6700,12.6800,198,2078,245,1123,1737,71,208,250,395,453
SZ,000001,2019-06-18 09:53:48,12.6400,2,13896.0000,11,B,12.6300,12.6200,12.6000,12.5900,12.5800,12.6400,12.6500,12.6600,12.6700,12.6800,188,2078,295,1076,1737,78,208,250,395,453
SZ,000001,2019-06-18 09:53:54,12.6300,3,246280.0000,195,S,12.6300,12.6200,12.6000,12.5900,12.5800,12.6400,12.6500,12.6600,12.6700,12.6800,23,2159,322,1076,1737,78,217,250,405,453
SZ,000001,2019-06-18 09:53:57,12.6200,7,1195144.0000,947,S,12.6200,12.6000,12.5900,12.5800,12.5700,12.6300,12.6400,12.6500,12.6600,12.6700,1239,400,1076,1737,794,18,78,237,250,405
SZ,000001,2019-06-18 09:54:00,12.6200,5,30304.0000,24,S,12.6200,12.6000,12.5900,12.5800,12.5700,12.6300,12.6400,12.6500,12.6600,12.6700,1225,404,1076,1737,794,23,63,237,250,498
SZ,000001,2019-06-18 09:54:03,12.6200,13,100960.0000,80,S,12.6200,12.6000,12.5900,12.5800,12.5700,12.6300,12.6400,12.6500,12.6600,12.6700,1153,404,1076,1737,794,44,97,237,250,507
SZ,000001,2019-06-18 09:54:06,12.6300,5,59360.0000,47,B,12.6300,12.6200,12.6000,12.5900,12.5800,12.6400,12.6500,12.6600,12.6700,12.6800,222,1151,404,1276,1737,137,257,250,507,453
SZ,000001,2019-06-18 09:54:09,12.6400,3,31584.0000,25,B,12.6300,12.6200,12.6000,12.5900,12.5800,12.6400,12.6500,12.6600,12.6700,12.6800,356,1172,414,1276,1752,148,257,250,507,453
SZ,000001,2019-06-18 09:54:12,12.6300,3,15160.0000,12,S,12.6300,12.6200,12.6000,12.5900,12.5800,12.6400,12.6500,12.6600,12.6700,12.6800,344,1172,414,1276,1752,148,257,250,507,453
SZ,000001,2019-06-18 09:54:15,12.6200,14,613728.0000,486,S,12.6200,12.6000,12.5900,12.5800,12.5700,12.6400,12.6500,12.6600,12.6700,12.6800,1068,414,1264,1752,794,132,257,250,507,453
SZ,000001,2019-06-18 09:54:18,12.6200,3,34072.0000,27,S,12.6200,12.6000,12.5900,12.5800,12.5700,12.6300,12.6400,12.6500,12.6600,12.6700,1053,419,1264,1752,794,49,134,257,250,507
SZ,000001,2019-06-18 09:54:21,12.6300,1,1264.0000,1,B,12.6200,12.6000,12.5900,12.5800,12.5700,12.6300,12.6400,12.6500,12.6600,12.6700,1055,419,1264,1772,794,48,134,257,250,507
SZ,000001,2019-06-18 09:54:24,12.6300,4,131352.0000,104,B,12.6200,12.6000,12.5900,12.5800,12.5700,12.6300,12.6400,12.6500,12.6600,12.6700,1044,422,1264,1772,794,21,119,257,250,516
SZ,000001,2019-06-18 09:54:27,12.6300,2,18944.0000,15,B,12.6200,12.6000,12.5900,12.5800,12.5700,12.6300,12.6400,12.6500,12.6600,12.6700,1064,688,1264,1772,794,6,168,261,250,516
SZ,000001,2019-06-18 09:54:30,12.6300,2,10096.0000,8,B,12.6200,12.6000,12.5900,12.5800,12.5700,12.6300,12.6400,12.6500,12.6600,12.6700,1082,688,1264,1772,794,5,168,261,250,516
SZ,000001,2019-06-18 09:54:33,12.6200,6,63120.0000,50,S,12.6200,12.6000,12.5900,12.5800,12.5700,12.6300,12.6400,12.6500,12.6600,12.6700,972,690,1264,1772,794,8,168,261,250,508
SZ,000001,2019-06-18 09:54:36,12.6200,2,27768.0000,22,S,12.6200,12.6000,12.5900,12.5800,12.5700,12.6300,12.6400,12.6500,12.6600,12.6700,950,690,1264,1772,794,62,168,261,250,508
SZ,000001,2019-06-18 09:54:39,12.6200,1,20192.0000,16,S,12.6200,12.6000,12.5900,12.5800,12.5700,12.6300,12.6400,12.6500,12.6600,12.6700,1002,690,1264,1772,794,62,168,261,250,508
SZ,000001,2019-06-18 09:54:42,12.6300,5,41656.0000,33,B,12.6200,12.6000,12.5900,12.5800,12.5700,12.6300,12.6400,12.6500,12.6600,12.6700,979,690,1264,1772,794,52,168,261,250,508
SZ,000001,2019-06-18 09:54:45,12.6200,5,753408.0000,597,S,12.6200,12.6000,12.5900,12.5800,12.5700,12.6300,12.6400,12.6500,12.6600,12.6700,383,690,1264,1772,794,48,168,261,250,508
SZ,000001,2019-06-18 09:54:48,12.6200,23,251144.0000,199,S,12.6200,12.6000,12.5900,12.5800,12.5700,12.6300,12.6400,12.6500,12.6600,12.6700,184,690,1264,1772,794,221,168,261,250,508
SZ,000001,2019-06-18 09:54:51,12.6300,19,143904.0000,114,B,12.6200,12.6100,12.6000,12.5900,12.5800,12.6300,12.6400,12.6500,12.6600,12.6700,123,41,690,1264,1772,290,168,261,250,508
SZ,000001,2019-06-18 09:54:54,12.6300,4,12632.0000,10,B,12.6200,12.6100,12.6000,12.5900,12.5800,12.6300,12.6400,12.6500,12.6600,12.6700,122,41,890,1264,1772,306,168,261,250,508
SZ,000001,2019-06-18 09:54:57,12.6300,3,21464.0000,17,B,12.6200,12.6100,12.6000,12.5900,12.5800,12.6300,12.6400,12.6500,12.6600,12.6700,117,41,910,1264,1772,294,168,261,250,519
SZ,000001,2019-06-18 09:55:00,12.6200,5,22728.0000,18,S,12.6200,12.6100,12.6000,12.5900,12.5800,12.6300,12.6400,12.6500,12.6600,12.6700,108,41,860,1264,1772,288,168,261,250,519
SZ,000001,2019-06-18 09:55:03,12.6200,17,80776.0000,64,S,12.6200,12.6100,12.6000,12.5900,12.5800,12.6300,12.6400,12.6500,12.6600,12.6700,31,53,861,1339,1772,310,168,261,250,519
SZ,000001,2019-06-18 09:55:06,12.6100,6,44920.0000,35,S,12.6100,12.6000,12.5900,12.5800,12.5700,12.6200,12.6300,12.6400,12.6500,12.6600,50,661,1339,1792,794,414,309,168,261,250
SZ,000001,2019-06-18 09:55:09,12.6100,4,40376.0000,32,S,12.6100,12.6000,12.5900,12.5800,12.5700,12.6200,12.6300,12.6400,12.6500,12.6600,44,661,1339,1792,794,447,325,168,261,250
SZ,000001,2019-06-18 09:55:12,12.6100,1,5048.0000,4,S,12.6100,12.6000,12.5900,12.5800,12.5700,12.6200,12.6300,12.6400,12.6500,12.6600,40,661,1339,1792,794,473,353,168,261,295
SZ,000001,2019-06-18 09:55:15,12.6100,13,131080.0000,104,S,12.6000,12.5900,12.5800,12.5700,12.5600,12.6100,12.6200,12.6300,12.6400,12.6500,599,1339,1792,794,1340,60,462,353,168,261
SZ,000001,2019-06-18 09:55:18,12.6100,4,79440.0000,63,B,12.6100,12.6000,12.5900,12.5800,12.5700,12.6200,12.6300,12.6400,12.6500,12.6600,14,617,1339,1592,794,505,350,168,261,300
SZ,000001,2019-06-18 09:55:21,12.6100,19,214224.0000,170,S,12.6000,12.5900,12.5800,12.5700,12.5600,12.6100,12.6200,12.6300,12.6400,12.6500,539,1339,1592,796,1340,26,505,350,168,261
SZ,000001,2019-06-18 09:55:24,12.6000,6,41584.0000,33,S,12.6000,12.5900,12.5800,12.5700,12.5600,12.6100,12.6200,12.6300,12.6400,12.6500,508,1339,1592,796,1340,25,504,350,168,261
SZ,000001,2019-06-18 09:55:27,12.6100,1,1256.0000,1,B,12.6000,12.5900,12.5800,12.5700,12.5600,12.6100,12.6200,12.6300,12.6400,12.6500,1063,1330,1592,796,1340,65,504,350,168,261
SZ,000001,2019-06-18 09:55:30,12.6000,28,1233608.0000,979,S,12.6000,12.5900,12.5800,12.5700,12.5600,12.6200,12.6300,12.6400,12.6500,12.6600,150,1330,1592,796,1340,515,350,168,261,300
SZ,000001,2019-06-18 09:55:33,12.6200,3,37856.0000,30,B,12.6000,12.5900,12.5800,12.5700,12.5600,12.6100,12.6200,12.6300,12.6400,12.6500,151,1340,1592,796,1340,77,488,330,168,261
SZ,000001,2019-06-18 09:55:36,12.6100,6,113448.0000,90,B,12.6000,12.5900,12.5800,12.5700,12.5600,12.6100,12.6200,12.6300,12.6400,12.6500,116,1340,1592,796,1340,28,488,330,168,241
SZ,000001,2019-06-18 09:55:39,12.6100,4,109680.0000,87,B,12.6000,12.5900,12.5800,12.5700,12.5600,12.6200,12.6300,12.6400,12.6500,12.6600,90,1340,1592,796,1340,482,330,168,241,400
SZ,000001,2019-06-18 09:55:42,12.6200,1,12624.0000,10,B,12.6000,12.5900,12.5800,12.5700,12.5600,12.6200,12.6300,12.6400,12.6500,12.6600,130,1340,1592,796,1340,505,345,168,241,380
SZ,000001,2019-06-18 09:55:45,12.6100,1,2520.0000,2,S,12.6000,12.5900,12.5800,12.5700,12.5600,12.6100,12.6200,12.6300,12.6400,12.6500,334,1340,1592,796,1340,38,505,345,168,241
SZ,000001,2019-06-18 09:55:48,12.6000,7,166408.0000,132,S,12.6100,12.6000,12.5900,12.5800,12.5700,12.6200,12.6300,12.6400,12.6500,12.6600,1,403,1340,1592,796,505,318,168,221,380
SZ,000001,2019-06-18 09:55:51,12.6100,3,5048.0000,4,S,12.6100,12.6000,12.5900,12.5800,12.5700,12.6200,12.6300,12.6400,12.6500,12.6600,55,453,1340,1592,796,514,318,168,221,380
SZ,000001,2019-06-18 09:55:54,12.6000,9,79440.0000,63,S,12.6000,12.5900,12.5800,12.5700,12.5600,12.6100,12.6200,12.6300,12.6400,12.6500,1156,1338,1562,796,1340,26,514,318,168,221
SZ,000001,2019-06-18 09:55:57,12.6100,6,60528.0000,48,B,12.6100,12.6000,12.5900,12.5800,12.5700,12.6200,12.6300,12.6400,12.6500,12.6600,51,1170,1336,1562,790,512,318,168,221,383
SZ,000001,2019-06-18 09:56:00,12.6100,7,79448.0000,63,S,12.6000,12.5900,12.5800,12.5700,12.5600,12.6100,12.6200,12.6300,12.6400,12.6500,1179,1336,1562,790,1340,58,532,318,168,221
SZ,000001,2019-06-18 09:56:03,12.6100,14,107136.0000,85,B,12.6000,12.5900,12.5800,12.5700,12.5600,12.6100,12.6200,12.6300,12.6400,12.6500,1141,1375,1562,790,1340,36,534,318,168,221
SZ,000001,2019-06-18 09:56:06,12.6100,7,114664.0000,91,B,12.6000,12.5900,12.5800,12.5700,12.5600,12.6100,12.6200,12.6300,12.6400,12.6500,1360,1375,1562,790,1340,887,496,318,168,221
SZ,000001,2019-06-18 09:56:09,12.6100,6,325088.0000,258,B,12.6000,12.5900,12.5800,12.5700,12.5600,12.6100,12.6200,12.6300,12.6400,12.6500,1173,1375,1562,790,1373,886,496,318,168,221
SZ,000001,2019-06-18 09:56:12,12.6100,11,226816.0000,180,B,12.6000,12.5900,12.5800,12.5700,12.5600,12.6100,12.6200,12.6300,12.6400,12.6500,1025,1375,1571,790,1373,881,503,338,168,221
SZ,000001,2019-06-18 09:56:15,12.6000,12,1116392.0000,886,S,12.6000,12.5900,12.5800,12.5700,12.5600,12.6100,12.6200,12.6300,12.6400,12.6500,434,1405,1557,790,1373,852,503,348,168,221
SZ,000001,2019-06-18 09:56:18,12.6100,8,253448.0000,201,B,12.6000,12.5900,12.5800,12.5700,12.5600,12.6100,12.6200,12.6300,12.6400,12.6500,539,1405,1557,790,1373,659,503,348,168,221
SZ,000001,2019-06-18 09:56:21,12.6000,4,22696.0000,18,S,12.6000,12.5900,12.5800,12.5700,12.5600,12.6100,12.6200,12.6300,12.6400,12.6500,557,1405,1557,790,1373,642,503,348,168,221
SZ,000001,2019-06-18 09:56:24,12.6000,5,83216.0000,66,S,12.6000,12.5900,12.5800,12.5700,12.5600,12.6100,12.6200,12.6300,12.6400,12.6500,551,1410,1560,790,1373,592,503,348,168,221
SZ,000001,2019-06-18 09:56:27,12.6000,5,27720.0000,22,S,12.6000,12.5900,12.5800,12.5700,12.5600,12.6100,12.6200,12.6300,12.6400,12.6500,587,1424,1560,790,1373,470,493,328,168,221
SZ,000001,2019-06-18 09:56:30,12.6100,5,34024.0000,27,B,12.6000,12.5900,12.5800,12.5700,12.5600,12.6100,12.6200,12.6300,12.6400,12.6500,615,1424,1560,790,1373,463,493,328,168,221
SZ,000001,2019-06-18 09:56:33,12.6100,11,1308872.0000,1038,B,12.6100,12.6000,12.5900,12.5800,12.5700,12.6200,12.6300,12.6400,12.6500,12.6600,1405,621,1462,1560,790,493,328,168,221,388
SZ,000001,2019-06-18 09:56:36,12.6100,3,20184.0000,16,S,12.6100,12.6000,12.5900,12.5800,12.5700,12.6200,12.6300,12.6400,12.6500,12.6600,1415,664,1460,1568,790,481,328,168,221,388
SZ,000001,2019-06-18 09:56:39,12.6100,4,107240.0000,85,S,12.6100,12.6000,12.5900,12.5800,12.5700,12.6200,12.6300,12.6400,12.6500,12.6600,1383,661,1460,1568,790,381,318,168,224,388
SZ,000001,2019-06-18 09:56:42,12.6100,3,29000.0000,23,S,12.6100,12.6000,12.5900,12.5800,12.5700,12.6200,12.6300,12.6400,12.6500,12.6600,1364,671,1360,1568,790,382,318,168,224,388
SZ,000001,2019-06-18 09:56:45,12.6100,4,41616.0000,33,S,12.6100,12.6000,12.5900,12.5800,12.5700,12.6200,12.6300,12.6400,12.6500,12.6600,1334,771,1360,1500,790,381,318,168,224,388
SZ,000001,2019-06-18 09:56:48,12.6200,2,335696.0000,266,B,12.6100,12.6000,12.5900,12.5800,12.5700,12.6200,12.6300,12.6400,12.6500,12.6600,1344,781,1360,1500,790,119,318,168,224,388
SZ,000001,2019-06-18 09:56:51,12.6200,5,53000.0000,42,B,12.6100,12.6000,12.5900,12.5800,12.5700,12.6200,12.6300,12.6400,12.6500,12.6600,1347,881,1360,1500,790,78,318,168,224,388
SZ,000001,2019-06-18 09:56:54,12.6200,3,12616.0000,10,B,12.6100,12.6000,12.5900,12.5800,12.5700,12.6200,12.6300,12.6400,12.6500,12.6600,1355,881,1365,1500,790,50,318,168,224,388
SZ,000001,2019-06-18 09:56:57,12.6100,3,17664.0000,14,S,12.6100,12.6000,12.5900,12.5800,12.5700,12.6200,12.6300,12.6400,12.6500,12.6600,1344,881,1365,1500,760,47,318,188,224,388
SZ,000001,2019-06-18 09:57:00,12.6100,8,1069336.0000,848,S,12.6100,12.6000,12.5900,12.5800,12.5700,12.6200,12.6300,12.6400,12.6500,12.6600,532,881,1385,1500,494,42,318,188,219,388
SZ,000001,2019-06-18 09:57:03,12.6200,21,151896.0000,121,B,12.6200,12.6100,12.6000,12.5900,12.5800,12.6300,12.6400,12.6500,12.6600,12.6700,58,525,981,1385,1500,324,188,219,387,543
SZ,000001,2019-06-18 09:57:06,12.6200,7,68152.0000,54,S,12.6200,12.6100,12.6000,12.5900,12.5800,12.6300,12.6400,12.6500,12.6600,12.6700,13,509,1231,1385,1500,327,188,208,387,543
SZ,000001,2019-06-18 09:57:09,12.6300,10,123688.0000,98,B,12.6200,12.6100,12.6000,12.5900,12.5800,12.6300,12.6400,12.6500,12.6600,12.6700,93,473,1225,1385,1500,495,188,208,387,543
SZ,000001,2019-06-18 09:57:12,12.6200,3,56784.0000,45,S,12.6200,12.6100,12.6000,12.5900,12.5800,12.6300,12.6400,12.6500,12.6600,12.6700,53,481,1225,1385,1500,495,188,208,387,543
SZ,000001,2019-06-18 09:57:15,12.6200,8,197632.0000,156,S,12.6100,12.6000,12.5900,12.5800,12.5700,12.6200,12.6300,12.6400,12.6500,12.6600,491,1225,1390,1500,488,84,499,188,258,372
SZ,000001,2019-06-18 09:57:18,12.6100,2,189152.0000,150,S,12.6100,12.6000,12.5900,12.5800,12.5700,12.6200,12.6300,12.6400,12.6500,12.6600,372,1225,1390,1500,488,84,448,188,258,372
SZ,000001,2019-06-18 09:57:21,12.6200,2,13872.0000,11,B,12.6100,12.6000,12.5900,12.5800,12.5700,12.6200,12.6300,12.6400,12.6500,12.6600,639,1224,1390,1500,488,136,445,201,258,372
SZ,000001,2019-06-18 09:57:24,12.6200,5,35328.0000,28,B,12.6100,12.6000,12.5900,12.5800,12.5700,12.6200,12.6300,12.6400,12.6500,12.6600,634,1302,1390,1498,488,165,445,201,258,372
SZ,000001,2019-06-18 09:57:27,12.6100,1,1256.0000,1,S,12.6100,12.6000,12.5900,12.5800,12.5700,12.6200,12.6300,12.6400,12.6500,12.6600,634,1302,1390,1498,488,165,445,201,258,372
SZ,000001,2019-06-18 09:57:30,12.6200,2,31544.0000,25,B,12.6100,12.6000,12.5900,12.5800,12.5700,12.6200,12.6300,12.6400,12.6500,12.6600,681,1347,1390,1498,488,149,445,201,258,372
SZ,000001,2019-06-18 09:57:33,12.6100,4,51736.0000,41,S,12.6100,12.6000,12.5900,12.5800,12.5700,12.6200,12.6300,12.6400,12.6500,12.6600,682,1397,1390,1498,503,118,429,201,258,380
SZ,000001,2019-06-18 09:57:36,12.6100,5,74408.0000,59,S,12.6100,12.6000,12.5900,12.5800,12.5700,12.6200,12.6300,12.6400,12.6500,12.6600,677,1397,1361,1498,503,108,429,201,258,380
SZ,000001,2019-06-18 09:57:39,12.6100,8,76968.0000,61,S,12.6100,12.6000,12.5900,12.5800,12.5700,12.6200,12.6300,12.6400,12.6500,12.6600,663,1447,1361,1598,503,62,429,201,258,380
SZ,000001,2019-06-18 09:57:42,12.6200,6,116608.0000,93,B,12.6200,12.6100,12.6000,12.5900,12.5800,12.6300,12.6400,12.6500,12.6600,12.6700,58,656,1477,1361,1598,429,201,258,380,443
SZ,000001,2019-06-18 09:57:45,12.6300,3,20200.0000,16,B,12.6200,12.6100,12.6000,12.5900,12.5800,12.6300,12.6400,12.6500,12.6600,12.6700,48,656,1477,1381,1593,420,201,258,380,443
SZ,000001,2019-06-18 09:57:48,12.6200,2,34072.0000,27,S,12.6200,12.6100,12.6000,12.5900,12.5800,12.6300,12.6400,12.6500,12.6600,12.6700,21,656,1477,1383,1593,420,201,258,380,443
SZ,000001,2019-06-18 09:57:51,12.6200,8,51720.0000,41,S,12.6200,12.6100,12.6000,12.5900,12.5800,12.6300,12.6400,12.6500,12.6600,12.6700,38,647,1439,1383,1593,420,201,258,380,443
SZ,000001,2019-06-18 09:57:54,12.6300,1,12632.0000,10,B,12.6200,12.6100,12.6000,12.5900,12.5800,12.6300,12.6400,12.6500,12.6600,12.6700,42,650,1529,1383,1593,538,201,268,380,443
SZ,000001,2019-06-18 09:57:57,12.6300,2,12624.0000,10,B,12.6200,12.6100,12.6000,12.5900,12.5800,12.6300,12.6400,12.6500,12.6600,12.6700,42,650,1529,1363,1593,533,201,268,380,443
SZ,000001,2019-06-18 09:58:00,12.6200,2,17672.0000,14,S,12.6200,12.6100,12.6000,12.5900,12.5800,12.6300,12.6400,12.6500,12.6600,12.6700,28,611,2030,1363,1593,586,201,268,380,443
SZ,000001,2019-06-18 09:58:03,12.6200,15,117360.0000,93,S,12.6100,12.6000,12.5900,12.5800,12.5700,12.6200,12.6300,12.6400,12.6500,12.6600,618,2040,1363,1593,503,29,614,201,268,380
SZ,000001,2019-06-18 09:58:06,12.6200,3,11360.0000,9,B,12.6100,12.6000,12.5900,12.5800,12.5700,12.6200,12.6300,12.6400,12.6500,12.6600,618,2060,1363,1593,503,62,614,201,268,380
SZ,000001,2019-06-18 09:58:09,12.6200,5,42896.0000,34,B,12.6100,12.6000,12.5900,12.5800,12.5700,12.6200,12.6300,12.6400,12.6500,12.6600,599,2060,1363,1583,503,39,571,201,268,380
SZ,000001,2019-06-18 09:58:15,12.6200,1,1264.0000,1,B,12.6100,12.6000,12.5900,12.5800,12.5700,12.6200,12.6300,12.6400,12.6500,12.6600,599,2067,1364,1583,503,38,571,201,268,390
SZ,000001,2019-06-18 09:58:18,12.6200,6,53008.0000,42,B,12.6200,12.6100,12.6000,12.5900,12.5800,12.6300,12.6400,12.6500,12.6600,12.6700,105,609,2072,1364,1583,569,201,268,390,432
SZ,000001,2019-06-18 09:58:21,12.6200,3,30288.0000,24,S,12.6200,12.6100,12.6000,12.5900,12.5800,12.6300,12.6400,12.6500,12.6600,12.6700,82,673,2082,1364,1583,569,201,268,390,422
SZ,000001,2019-06-18 09:58:24,12.6200,1,1256.0000,1,S,12.6200,12.6100,12.6000,12.5900,12.5800,12.6300,12.6400,12.6500,12.6600,12.6700,81,679,2119,1364,1624,569,201,268,390,422
SZ,000001,2019-06-18 09:58:27,12.6300,4,40400.0000,32,B,12.6200,12.6100,12.6000,12.5900,12.5800,12.6300,12.6400,12.6500,12.6600,12.6700,79,686,2123,1364,1614,555,201,268,390,422
SZ,000001,2019-06-18 09:58:33,12.6200,3,69416.0000,55,S,12.6200,12.6100,12.6000,12.5900,12.5800,12.6300,12.6400,12.6500,12.6600,12.6700,451,686,2128,1364,1614,540,191,268,390,546
SZ,000001,2019-06-18 09:58:36,12.6200,10,66912.0000,53,S,12.6200,12.6100,12.6000,12.5900,12.5800,12.6300,12.6400,12.6500,12.6600,12.6700,427,729,2128,1364,1614,520,191,268,390,546
