市场代码,证券代码,时间,最新价,成交笔数,成交额,成交量,方向,买一价,买二价,买三价,买四价,买五价,卖一价,卖二价,卖三价,卖四价,卖五价,买一量,买二量,买三量,买四量,买五量,卖一量,卖二量,卖三量,卖四量,卖五量
SZ,000001,2019-06-10 09:25:03,12.0100,254,8366166.0000,6966,B,12.0000,11.9800,11.9700,11.9600,11.9500,12.0100,12.0200,12.0300,12.0400,12.0500,133,730,5,3,592,528,202,210,303,1227
SZ,000001,2019-06-10 09:30:00,12.0000,8,255680.0000,213,S,11.9800,11.9700,11.9600,11.9500,11.9400,12.0000,12.0100,12.0200,12.0300,12.0400,730,5,3,592,26,17,448,202,210,303
SZ,000001,2019-06-10 09:30:03,12.0100,145,5665920.0000,4719,B,12.0000,11.9800,11.9700,11.9600,11.9500,12.0100,12.0200,12.0300,12.0400,12.0500,93,326,38,508,658,84,38,273,402,1418
SZ,000001,2019-06-10 09:30:06,12.0000,38,344531.0000,287,S,12.0000,11.9900,11.9800,11.9700,11.9600,12.0100,12.0200,12.0300,12.0400,12.0500,130,1,287,43,535,78,35,273,584,1467
SZ,000001,2019-06-10 09:30:09,12.0100,20,296729.0000,247,B,12.0100,12.0000,11.9900,11.9800,11.9700,12.0300,12.0400,12.0500,12.0600,12.0700,296,151,1,259,43,276,588,1467,513,595
SZ,000001,2019-06-10 09:30:12,12.0100,6,25225.0000,21,S,12.0100,12.0000,11.9900,11.9800,11.9700,12.0300,12.0400,12.0500,12.0600,12.0700,575,148,68,151,43,277,608,1467,513,595
SZ,000001,2019-06-10 09:30:15,12.0100,15,418655.0000,348,S,12.0100,12.0000,11.9900,11.9800,11.9700,12.0400,12.0500,12.0600,12.0700,12.0800,682,45,1,151,43,580,1467,513,595,776
SZ,000001,2019-06-10 09:30:18,12.0400,23,679001.0000,564,B,12.0100,12.0000,11.9900,11.9800,11.9700,12.0300,12.0400,12.0500,12.0600,12.0700,634,49,1,151,43,2000,153,1467,513,595
SZ,000001,2019-06-10 09:30:21,12.0300,5,230962.0000,192,B,12.0100,12.0000,11.9900,11.9800,11.9700,12.0300,12.0400,12.0500,12.0600,12.0700,662,19,1,151,43,2698,153,1467,513,595
SZ,000001,2019-06-10 09:30:24,12.0300,10,410183.0000,341,B,12.0100,12.0000,11.9900,11.9800,11.9700,12.0300,12.0400,12.0500,12.0600,12.0700,655,19,1,151,43,2404,153,1467,513,595
SZ,000001,2019-06-10 09:30:27,12.0300,26,1692364.0000,1408,B,12.0000,11.9900,11.9800,11.9700,11.9600,12.0300,12.0400,12.0500,12.0600,12.0700,19,1,151,43,565,1961,183,1467,513,595
SZ,000001,2019-06-10 09:30:30,12.0300,8,512264.0000,426,B,12.0100,12.0000,11.9900,11.9800,11.9700,12.0300,12.0400,12.0500,12.0600,12.0700,15,47,1,171,43,1680,183,1467,513,595
SZ,000001,2019-06-10 09:30:33,12.0200,10,100936.0000,84,S,12.0000,11.9900,11.9800,11.9700,11.9600,12.0200,12.0300,12.0400,12.0500,12.0600,43,1,171,43,825,386,1681,183,1467,515
SZ,000001,2019-06-10 09:30:36,12.0200,22,278352.0000,232,B,12.0000,11.9800,11.9700,11.9600,11.9500,12.0200,12.0300,12.0400,12.0500,12.0600,30,72,43,825,761,329,1783,183,1471,515
SZ,000001,2019-06-10 09:30:39,12.0200,7,261840.0000,218,B,12.0000,11.9800,11.9700,11.9600,11.9500,12.0100,12.0200,12.0300,12.0400,12.0500,54,72,43,825,761,30,407,1717,184,1471
SZ,000001,2019-06-10 09:30:42,12.0100,13,203036.0000,169,B,12.0000,11.9800,11.9700,11.9600,11.9500,12.0100,12.0200,12.0300,12.0400,12.0500,54,72,43,825,761,57,287,1716,184,1471
SZ,000001,2019-06-10 09:30:45,12.0100,12,213810.0000,178,B,12.0000,11.9800,11.9700,11.9600,11.9500,12.0100,12.0200,12.0300,12.0400,12.0500,294,72,93,825,771,38,245,1716,184,1475
SZ,000001,2019-06-10 09:30:48,12.0100,12,305054.0000,254,B,12.0100,12.0000,11.9800,11.9700,11.9600,12.0200,12.0300,12.0400,12.0500,12.0600,80,387,72,103,825,284,1938,187,1475,515
SZ,000001,2019-06-10 09:30:51,12.0200,14,296868.0000,247,B,12.0100,12.0000,11.9800,11.9700,11.9600,12.0200,12.0300,12.0400,12.0500,12.0600,330,244,72,103,825,82,1066,197,1475,515
SZ,000001,2019-06-10 09:30:54,12.0200,11,176716.0000,147,B,12.0200,12.0100,12.0000,11.9800,11.9700,12.0300,12.0400,12.0500,12.0600,12.0700,43,408,244,72,103,1025,193,1475,486,625
SZ,000001,2019-06-10 09:30:57,12.0300,4,156372.0000,130,B,12.0200,12.0100,12.0000,11.9800,11.9700,12.0300,12.0400,12.0500,12.0600,12.0700,157,320,237,72,98,885,193,1475,486,625
SZ,000001,2019-06-10 09:31:00,12.0200,11,234392.0000,195,S,12.0100,12.0000,11.9800,11.9700,11.9600,12.0200,12.0300,12.0400,12.0500,12.0600,296,287,72,98,861,51,1433,193,1495,486
SZ,000001,2019-06-10 09:31:03,12.0200,20,485408.0000,404,B,12.0100,12.0000,11.9800,11.9700,11.9600,12.0200,12.0300,12.0400,12.0500,12.0600,185,292,22,98,861,13,1443,222,1495,486
SZ,000001,2019-06-10 09:31:06,12.0300,38,2343214.0000,1948,B,12.0300,12.0200,12.0100,12.0000,11.9800,12.0400,12.0500,12.0600,12.0700,12.0800,66,280,192,207,22,222,1495,486,625,909
SZ,000001,2019-06-10 09:31:09,12.0200,19,400718.0000,333,S,12.0200,12.0100,12.0000,11.9900,11.9800,12.0400,12.0500,12.0600,12.0700,12.0800,226,192,207,5,22,35,1521,486,625,909
SZ,000001,2019-06-10 09:31:12,12.0300,6,44512.0000,37,B,12.0200,12.0100,12.0000,11.9900,11.9800,12.0300,12.0400,12.0500,12.0600,12.0700,295,204,207,5,22,17,35,1521,486,625
SZ,000001,2019-06-10 09:31:15,12.0200,19,464068.0000,386,S,12.0100,12.0000,11.9900,11.9800,11.9700,12.0200,12.0300,12.0400,12.0500,12.0600,126,207,5,22,98,44,2,1729,1519,486
SZ,000001,2019-06-10 09:31:18,12.0400,10,175632.0000,146,B,12.0100,12.0000,11.9900,11.9800,11.9700,12.0400,12.0500,12.0600,12.0700,12.0800,206,208,5,22,198,1733,1520,486,625,971
SZ,000001,2019-06-10 09:31:21,12.0100,15,340036.0000,283,S,12.0000,11.9900,11.9800,11.9700,11.9600,12.0100,12.0200,12.0300,12.0400,12.0500,219,5,22,198,861,5,1006,14,2064,1520
SZ,000001,2019-06-10 09:31:24,12.0000,17,454896.0000,379,S,11.9900,11.9800,11.9700,11.9600,11.9500,12.0100,12.0200,12.0300,12.0400,12.0500,5,22,198,861,692,118,1397,183,2079,1535
SZ,000001,2019-06-10 09:31:27,11.9800,11,43164.0000,36,S,11.9800,11.9700,11.9600,11.9500,11.9400,12.0100,12.0200,12.0300,12.0400,12.0500,5,198,861,692,49,109,1397,183,2084,1535
SZ,000001,2019-06-10 09:31:30,11.9900,9,145296.0000,121,B,11.9900,11.9800,11.9700,11.9600,11.9500,12.0100,12.0200,12.0300,12.0400,12.0500,6,266,198,861,692,1,410,270,2084,1526
SZ,000001,2019-06-10 09:31:33,12.0100,1,1200.0000,1,B,11.9900,11.9800,11.9700,11.9600,11.9500,12.0000,12.0200,12.0300,12.0400,12.0500,134,176,219,861,192,209,410,270,2084,1518
SZ,000001,2019-06-10 09:31:36,12.0000,7,292812.0000,244,B,12.0000,11.9900,11.9800,11.9700,11.9600,12.0100,12.0200,12.0300,12.0400,12.0500,362,163,100,219,867,3,410,284,2085,1518
SZ,000001,2019-06-10 09:31:39,11.9900,42,1344276.0000,1121,S,11.9900,11.9700,11.9600,11.9500,11.9400,12.0200,12.0300,12.0400,12.0500,12.0600,967,219,867,292,65,410,759,2105,1518,519
SZ,000001,2019-06-10 09:31:42,11.9900,7,275112.0000,229,S,11.9900,11.9700,11.9600,11.9500,11.9400,12.0200,12.0300,12.0400,12.0500,12.0600,1216,219,867,292,65,237,801,2120,1518,519
SZ,000001,2019-06-10 09:31:45,12.0000,4,229302.0000,191,B,11.9900,11.9700,11.9600,11.9500,11.9400,12.0000,12.0100,12.0200,12.0300,12.0400,1139,219,867,292,65,252,50,181,835,2120
SZ,000001,2019-06-10 09:31:48,12.0000,9,468172.0000,390,B,12.0000,11.9900,11.9800,11.9700,11.9600,12.0200,12.0300,12.0400,12.0500,12.0600,417,1164,1,319,867,137,891,2150,1527,519
SZ,000001,2019-06-10 09:31:51,12.0000,4,48058.0000,40,S,12.0000,11.9900,11.9800,11.9700,11.9600,12.0200,12.0300,12.0400,12.0500,12.0600,521,1052,1,329,867,150,897,2145,1537,519
SZ,000001,2019-06-10 09:31:54,12.0200,6,320420.0000,267,B,12.0100,12.0000,11.9900,11.9800,11.9700,12.0200,12.0300,12.0400,12.0500,12.0600,93,321,1061,1,329,140,847,2160,1637,519
SZ,000001,2019-06-10 09:31:57,12.0100,6,194592.0000,162,S,12.0100,12.0000,11.9900,11.9800,11.9700,12.0200,12.0300,12.0400,12.0500,12.0600,110,205,1047,1,337,321,857,2160,1646,519
SZ,000001,2019-06-10 09:32:00,12.0100,6,184996.0000,154,S,12.0100,12.0000,11.9900,11.9800,11.9700,12.0200,12.0300,12.0400,12.0500,12.0600,1,227,1055,2,337,1162,965,2160,1646,519
SZ,000001,2019-06-10 09:32:03,12.0100,25,414148.0000,345,S,12.0000,11.9900,11.9800,11.9700,11.9600,12.0100,12.0200,12.0300,12.0400,12.0500,120,1055,2,316,872,14,1165,965,2230,1651
SZ,000001,2019-06-10 09:32:06,12.0100,4,16802.0000,14,B,12.0000,11.9900,11.9800,11.9700,11.9600,12.0100,12.0200,12.0300,12.0400,12.0500,933,1055,12,316,872,542,1220,1065,2230,1661
SZ,000001,2019-06-10 09:32:09,12.0200,16,690582.0000,575,B,12.0100,12.0000,11.9900,11.9800,11.9700,12.0200,12.0300,12.0400,12.0500,12.0600,206,945,1055,12,316,1263,1065,2230,1669,524
SZ,000001,2019-06-10 09:32:12,12.0000,8,306268.0000,255,S,12.0000,11.9900,11.9800,11.9700,11.9600,12.0100,12.0200,12.0300,12.0400,12.0500,944,1055,12,316,872,169,1309,1085,2230,1654
SZ,000001,2019-06-10 09:32:15,12.0100,3,43236.0000,36,B,12.0000,11.9900,11.9800,11.9700,11.9600,12.0100,12.0200,12.0300,12.0400,12.0500,1019,1056,12,316,872,133,1148,1585,2230,1645
SZ,000001,2019-06-10 09:32:18,12.0100,13,487720.0000,406,B,12.0100,12.0000,11.9900,11.9800,11.9700,12.0200,12.0300,12.0400,12.0500,12.0600,86,1181,1047,12,316,1035,1635,2230,1715,538
SZ,000001,2019-06-10 09:32:21,12.0000,4,105686.0000,88,S,12.0000,11.9900,11.9800,11.9700,11.9600,12.0100,12.0200,12.0300,12.0400,12.0500,1328,1041,18,316,872,239,1043,1635,2230,1715
SZ,000001,2019-06-10 09:32:24,12.0100,12,589686.0000,491,B,12.0000,11.9900,11.9800,11.9700,11.9600,12.0100,12.0200,12.0300,12.0400,12.0500,1324,1041,18,316,872,253,1070,1655,2230,1710
SZ,000001,2019-06-10 09:32:27,12.0100,30,2153016.0000,1794,B,12.0100,12.0000,11.9900,11.9800,11.9700,12.0200,12.0300,12.0400,12.0500,12.0600,99,11,914,18,316,1044,1655,2230,1761,601
SZ,000001,2019-06-10 09:32:30,12.0200,4,141788.0000,118,B,12.0100,12.0000,11.9900,11.9800,11.9700,12.0200,12.0300,12.0400,12.0500,12.0600,100,137,914,18,316,979,1640,2195,1964,601
SZ,000001,2019-06-10 09:32:33,12.0100,10,264268.0000,220,S,12.0000,11.9900,11.9800,11.9700,11.9600,12.0100,12.0200,12.0300,12.0400,12.0500,139,914,18,316,872,1034,930,1640,2125,2113
SZ,000001,2019-06-10 09:32:36,12.0100,2,38432.0000,32,B,12.0000,11.9900,11.9800,11.9700,11.9600,12.0100,12.0200,12.0300,12.0400,12.0500,225,898,18,316,839,1002,1080,1606,2040,2113
SZ,000001,2019-06-10 09:32:39,12.0100,9,298956.0000,249,B,12.0000,11.9900,11.9800,11.9700,11.9600,12.0100,12.0200,12.0300,12.0400,12.0500,189,898,18,316,834,957,1232,1606,2040,1964
SZ,000001,2019-06-10 09:32:42,12.0000,3,57632.0000,48,S,12.0000,11.9900,11.9800,11.9700,11.9600,12.0100,12.0200,12.0300,12.0400,12.0500,267,945,18,316,834,930,1310,1606,2040,1960
SZ,000001,2019-06-10 09:32:45,12.0100,3,148912.0000,124,B,12.0000,11.9900,11.9800,11.9700,11.9600,12.0100,12.0200,12.0300,12.0400,12.0500,352,945,18,316,834,861,1323,1606,2040,1960
SZ,000001,2019-06-10 09:32:48,12.0100,1,3604.0000,3,B,12.0000,11.9900,11.9800,11.9700,11.9600,12.0100,12.0200,12.0300,12.0400,12.0500,369,945,18,316,834,976,1316,1656,2060,2073
SZ,000001,2019-06-10 09:32:51,12.0100,6,147712.0000,123,B,12.0000,11.9900,11.9800,11.9700,11.9600,12.0100,12.0200,12.0300,12.0400,12.0500,476,945,18,316,834,870,1316,1656,2060,2101
SZ,000001,2019-06-10 09:32:54,12.0100,15,273660.0000,228,B,12.0000,11.9900,11.9800,11.9700,11.9600,12.0100,12.0200,12.0300,12.0400,12.0500,514,945,38,316,1134,830,1275,1656,2062,2151
SZ,000001,2019-06-10 09:32:57,12.0100,23,1080936.0000,900,B,12.0100,12.0000,11.9900,11.9800,11.9700,12.0200,12.0300,12.0400,12.0500,12.0600,186,667,945,38,316,587,1656,2062,2151,602
SZ,000001,2019-06-10 09:33:00,12.0200,9,188564.0000,157,B,12.0100,12.0000,11.9900,11.9800,11.9700,12.0200,12.0300,12.0400,12.0500,12.0600,159,549,945,38,316,585,1671,1762,2081,602
SZ,000001,2019-06-10 09:33:03,12.0100,12,117748.0000,98,S,12.0100,12.0000,11.9900,11.9800,11.9700,12.0200,12.0300,12.0400,12.0500,12.0600,138,549,975,238,316,548,1671,262,2081,602
SZ,000001,2019-06-10 09:33:06,12.0100,11,426168.0000,355,S,12.0000,11.9900,11.9800,11.9700,11.9600,12.0100,12.0200,12.0300,12.0400,12.0500,368,970,238,316,1126,14,452,1721,272,2117
SZ,000001,2019-06-10 09:33:09,12.0000,12,162132.0000,135,S,12.0000,11.9900,11.9800,11.9700,11.9600,12.0100,12.0200,12.0300,12.0400,12.0500,312,970,238,316,1126,128,528,1720,272,2138
SZ,000001,2019-06-10 09:33:12,12.0100,6,184960.0000,154,B,12.0100,12.0000,11.9900,11.9800,11.9700,12.0200,12.0300,12.0400,12.0500,12.0600,222,336,970,238,316,523,1720,276,2138,593
SZ,000001,2019-06-10 09:33:15,12.0200,21,368872.0000,307,B,12.0100,12.0000,11.9900,11.9800,11.9700,12.0200,12.0300,12.0400,12.0500,12.0600,83,336,970,238,316,368,1716,276,2138,593
SZ,000001,2019-06-10 09:33:18,12.0000,6,121292.0000,101,S,12.0000,11.9900,11.9800,11.9700,11.9600,12.0100,12.0200,12.0300,12.0400,12.0500,194,970,238,316,1126,647,368,1716,276,2165
SZ,000001,2019-06-10 09:33:21,12.0100,4,55248.0000,46,B,12.0000,11.9900,11.9800,11.9700,11.9600,12.0100,12.0200,12.0300,12.0400,12.0500,194,970,238,316,1126,1432,509,1716,276,2180
SZ,000001,2019-06-10 09:33:24,12.0100,7,223332.0000,186,B,12.0000,11.9900,11.9800,11.9700,11.9600,12.0100,12.0200,12.0300,12.0400,12.0500,188,970,257,316,1126,1321,554,1716,296,2254
SZ,000001,2019-06-10 09:33:27,12.0000,4,308604.0000,257,S,12.0000,11.9900,11.9800,11.9700,11.9600,12.0100,12.0200,12.0300,12.0400,12.0500,150,970,257,316,1126,1075,614,1716,346,2254
SZ,000001,2019-06-10 09:33:30,12.0000,13,213672.0000,178,S,12.0000,11.9900,11.9800,11.9700,11.9600,12.0100,12.0200,12.0300,12.0400,12.0500,91,970,257,316,1126,1038,614,1716,346,2259
SZ,000001,2019-06-10 09:33:33,12.0000,17,316948.0000,264,S,12.0000,11.9900,11.9800,11.9700,11.9600,12.0100,12.0200,12.0300,12.0400,12.0500,16,970,257,366,1126,900,614,1716,346,2259
SZ,000001,2019-06-10 09:33:36,12.0000,7,180000.0000,150,S,12.0000,11.9900,11.9800,11.9700,11.9600,12.0100,12.0200,12.0300,12.0400,12.0500,68,1040,257,366,1126,900,1091,1716,646,2320
SZ,000001,2019-06-10 09:33:39,12.0000,8,1079508.0000,899,S,11.9900,11.9800,11.9700,11.9600,11.9500,12.0000,12.0100,12.0200,12.0300,12.0400,1017,257,366,1126,311,1,234,1191,1699,646
SZ,000001,2019-06-10 09:33:42,12.0000,8,75572.0000,63,B,12.0000,11.9900,11.9800,11.9700,11.9600,12.0100,12.0200,12.0300,12.0400,12.0500,53,1072,257,479,1126,240,1196,1699,646,2284
SZ,000001,2019-06-10 09:33:45,11.9900,21,333820.0000,278,S,11.9900,11.9800,11.9700,11.9600,11.9500,12.0000,12.0100,12.0200,12.0300,12.0400,930,257,479,1126,311,1035,17,1725,1699,646
SZ,000001,2019-06-10 09:33:48,12.0000,2,1152000.0000,960,B,11.9900,11.9800,11.9700,11.9600,11.9500,12.0000,12.0100,12.0200,12.0300,12.0400,993,257,479,1126,311,125,17,1825,1699,646
SZ,000001,2019-06-10 09:33:51,12.0000,11,320524.0000,267,B,12.0000,11.9900,11.9800,11.9700,11.9600,12.0100,12.0200,12.0300,12.0400,12.0500,560,1084,257,479,1126,2,1825,1699,646,2289
SZ,000001,2019-06-10 09:33:54,12.0000,3,43204.0000,36,S,12.0000,11.9900,11.9800,11.9700,11.9600,12.0100,12.0200,12.0300,12.0400,12.0500,595,887,267,479,1126,326,1825,1699,666,2307
SZ,000001,2019-06-10 09:33:57,12.0000,7,96048.0000,80,S,12.0000,11.9900,11.9800,11.9700,11.9600,12.0100,12.0200,12.0300,12.0400,12.0500,839,840,267,479,1126,675,1861,1533,666,2327
SZ,000001,2019-06-10 09:34:00,12.0100,13,994400.0000,828,B,12.0100,12.0000,11.9900,11.9800,11.9700,12.0200,12.0300,12.0400,12.0500,12.0600,63,1816,833,267,479,1861,1533,666,2327,626
SZ,000001,2019-06-10 09:34:03,12.0200,46,2257176.0000,1878,B,12.0200,12.0100,12.0000,11.9900,11.9800,12.0300,12.0400,12.0500,12.0600,12.0700,581,124,1662,833,267,1533,666,2327,626,870
SZ,000001,2019-06-10 09:34:06,12.0200,19,863736.0000,718,S,12.0200,12.0100,12.0000,11.9900,11.9800,12.0300,12.0400,12.0500,12.0600,12.0700,822,41,1523,835,267,837,666,2327,626,880
SZ,000001,2019-06-10 09:34:09,12.0500,59,3230624.0000,2683,B,12.0300,12.0200,12.0100,12.0000,11.9900,12.0500,12.0600,12.0700,12.0800,12.0900,4,1032,110,1523,835,1197,699,880,886,3020
SZ,000001,2019-06-10 09:34:12,12.0500,121,3625956.0000,3007,B,12.0500,12.0400,12.0300,12.0200,12.0100,12.0800,12.0900,12.1000,12.1100,12.1200,197,15,445,847,95,928,3020,1637,415,708
SZ,000001,2019-06-10 09:34:15,12.0600,17,282372.0000,234,B,12.0600,12.0500,12.0400,12.0300,12.0200,12.0800,12.0900,12.1000,12.1100,12.1200,47,535,15,469,620,856,3020,1637,415,708
SZ,000001,2019-06-10 09:34:18,12.0500,12,304136.0000,252,S,12.0600,12.0500,12.0400,12.0300,12.0200,12.0800,12.0900,12.1000,12.1100,12.1200,455,12,15,469,616,2705,3021,1638,415,708
SZ,000001,2019-06-10 09:34:21,12.0800,20,428552.0000,355,B,12.0600,12.0300,12.0200,12.0100,12.0000,12.0800,12.0900,12.1000,12.1100,12.1200,331,469,616,135,1423,2558,3004,1641,415,708
SZ,000001,2019-06-10 09:34:24,12.0800,17,534672.0000,443,B,12.0600,12.0500,12.0300,12.0200,12.0100,12.0800,12.0900,12.1000,12.1100,12.1200,158,25,469,586,135,2368,3004,1541,415,704
SZ,000001,2019-06-10 09:34:27,12.0800,8,103848.0000,86,B,12.0600,12.0500,12.0300,12.0200,12.0100,12.0700,12.0800,12.0900,12.1000,12.1100,122,25,465,586,135,150,2303,3004,1541,415
SZ,000001,2019-06-10 09:34:30,12.0600,12,178592.0000,148,S,12.0600,12.0500,12.0300,12.0200,12.0100,12.0700,12.0800,12.0900,12.1000,12.1100,85,25,498,586,133,559,2303,3004,1393,413
SZ,000001,2019-06-10 09:34:33,12.0700,11,244936.0000,203,B,12.0600,12.0500,12.0300,12.0200,12.0100,12.0700,12.0800,12.0900,12.1000,12.1100,197,25,498,586,67,620,2334,3004,1393,443
SZ,000001,2019-06-10 09:34:36,12.0700,11,124312.0000,103,B,12.0600,12.0500,12.0300,12.0200,12.0100,12.0700,12.0800,12.0900,12.1000,12.1100,188,25,498,586,67,577,2344,3004,1393,443
SZ,000001,2019-06-10 09:34:39,12.0700,10,189412.0000,157,B,12.0600,12.0500,12.0300,12.0200,12.0100,12.0700,12.0800,12.0900,12.1000,12.1100,105,25,498,586,67,662,2344,3008,1453,443
SZ,000001,2019-06-10 09:34:42,12.0700,9,265484.0000,220,B,12.0600,12.0500,12.0300,12.0200,12.0100,12.0700,12.0800,12.0900,12.1000,12.1100,71,25,498,586,67,516,2387,3072,1483,443
SZ,000001,2019-06-10 09:34:45,12.0600,13,91664.0000,76,S,12.0500,12.0300,12.0200,12.0100,12.0000,12.0600,12.0700,12.0800,12.0900,12.1000,25,498,559,67,289,73,632,2387,3072,1543
SZ,000001,2019-06-10 09:34:48,12.0600,7,138688.0000,115,B,12.0500,12.0300,12.0200,12.0100,12.0000,12.0600,12.0700,12.0800,12.0900,12.1000,25,498,559,72,289,71,802,2408,3089,1530
SZ,000001,2019-06-10 09:34:51,12.0600,17,285752.0000,237,B,12.0600,12.0500,12.0300,12.0200,12.0100,12.0700,12.0800,12.0900,12.1000,12.1100,7,26,486,559,72,772,2736,3089,1594,453
SZ,000001,2019-06-10 09:34:54,12.0600,2,37388.0000,31,S,12.0500,12.0300,12.0200,12.0100,12.0000,12.0600,12.0700,12.0800,12.0900,12.1000,53,486,559,72,3153,1010,1847,2736,3089,1566
SZ,000001,2019-06-10 09:34:57,12.0600,6,139844.0000,116,B,12.0400,12.0300,12.0200,12.0100,12.0000,12.0600,12.0700,12.0800,12.0900,12.1000,6,486,559,112,3153,225,1820,2745,3029,1670
SZ,000001,2019-06-10 09:35:00,12.0500,8,104912.0000,87,S,12.0400,12.0300,12.0200,12.0100,12.0000,12.0500,12.0600,12.0700,12.0800,12.0900,32,486,559,112,3172,61,147,1911,2765,3012
SZ,000001,2019-06-10 09:35:03,12.0500,14,139796.0000,116,B,12.0500,12.0400,12.0300,12.0200,12.0100,12.0600,12.0700,12.0800,12.0900,12.1000,15,52,486,559,163,192,1977,2762,3012,1708
SZ,000001,2019-06-10 09:35:06,12.0500,19,219212.0000,182,B,12.0300,12.0200,12.0100,12.0000,11.9900,12.0500,12.0600,12.0700,12.0800,12.0900,484,559,169,3137,785,33,194,1982,2780,3061
SZ,000001,2019-06-10 09:35:09,12.0500,10,134876.0000,112,B,12.0400,12.0300,12.0200,12.0100,12.0000,12.0500,12.0600,12.0700,12.0800,12.0900,2,518,559,174,3137,205,694,1987,2780,3061
SZ,000001,2019-06-10 09:35:12,12.0400,7,93940.0000,78,S,12.0400,12.0300,12.0200,12.0100,12.0000,12.0500,12.0600,12.0700,12.0800,12.0900,78,154,580,224,3152,195,704,1987,2779,3061
SZ,000001,2019-06-10 09:35:15,12.0400,11,92772.0000,77,S,12.0400,12.0300,12.0200,12.0100,12.0000,12.0500,12.0600,12.0700,12.0800,12.0900,153,154,580,346,3170,310,1093,1987,2782,3061
SZ,000001,2019-06-10 09:35:18,12.0600,33,925544.0000,768,B,12.0400,12.0300,12.0200,12.0100,12.0000,12.0600,12.0700,12.0800,12.0900,12.1000,72,154,580,349,3170,970,1987,2836,3071,1777
SZ,000001,2019-06-10 09:35:21,12.0600,16,168700.0000,140,B,12.0400,12.0300,12.0200,12.0100,12.0000,12.0600,12.0700,12.0800,12.0900,12.1000,53,154,580,299,3165,937,1987,2842,3071,1814
SZ,000001,2019-06-10 09:35:24,12.0500,9,276128.0000,229,S,12.0500,12.0400,12.0300,12.0200,12.0100,12.0600,12.0700,12.0800,12.0900,12.1000,143,80,167,580,329,860,1986,2847,3263,1819
SZ,000001,2019-06-10 09:35:27,12.0500,3,302704.0000,251,S,12.0500,12.0400,12.0300,12.0200,12.0100,12.0600,12.0700,12.0800,12.0900,12.1000,149,80,167,580,379,622,2036,2847,3293,1819
SZ,000001,2019-06-10 09:35:30,12.0600,7,127808.0000,106,B,12.0500,12.0400,12.0300,12.0200,12.0100,12.0600,12.0700,12.0800,12.0900,12.1000,134,89,167,580,379,796,2036,2852,3293,1947
SZ,000001,2019-06-10 09:35:33,12.0500,8,194152.0000,161,S,12.0500,12.0400,12.0300,12.0200,12.0100,12.0600,12.0700,12.0800,12.0900,12.1000,146,89,167,580,478,682,2081,2864,3293,1947
SZ,000001,2019-06-10 09:35:36,12.0500,10,155444.0000,129,S,12.0500,12.0400,12.0300,12.0200,12.0100,12.0600,12.0700,12.0800,12.0900,12.1000,39,83,177,580,578,1300,2071,2864,3294,1961
SZ,000001,2019-06-10 09:35:39,12.0500,7,92844.0000,77,S,12.0500,12.0400,12.0300,12.0200,12.0100,12.0600,12.0700,12.0800,12.0900,12.1000,312,83,164,580,578,1273,2070,2866,3294,1976
SZ,000001,2019-06-10 09:35:42,12.0500,8,86808.0000,72,S,12.0500,12.0400,12.0300,12.0200,12.0100,12.0600,12.0700,12.0800,12.0900,12.1000,315,74,164,580,614,1232,2060,2866,3294,1976
SZ,000001,2019-06-10 09:35:45,12.0500,15,362788.0000,301,S,12.0500,12.0400,12.0300,12.0200,12.0100,12.0600,12.0700,12.0800,12.0900,12.1000,430,81,121,580,664,1259,2060,2866,3309,1984
SZ,000001,2019-06-10 09:35:48,12.0500,10,191680.0000,159,S,12.0500,12.0400,12.0300,12.0200,12.0100,12.0600,12.0700,12.0800,12.0900,12.1000,356,81,121,580,664,1675,2130,2866,3309,2014
SZ,000001,2019-06-10 09:35:51,12.0500,13,189248.0000,157,S,12.0500,12.0400,12.0300,12.0200,12.0100,12.0600,12.0700,12.0800,12.0900,12.1000,269,81,121,580,664,1615,2130,2866,3309,2014
SZ,000001,2019-06-10 09:35:54,12.0600,7,51840.0000,43,B,12.0500,12.0400,12.0300,12.0200,12.0100,12.0600,12.0700,12.0800,12.0900,12.1000,404,81,121,580,679,1553,1130,2866,3339,2144
SZ,000001,2019-06-10 09:35:57,12.0600,9,184476.0000,153,B,12.0500,12.0400,12.0300,12.0200,12.0100,12.0600,12.0700,12.0800,12.0900,12.1000,446,81,121,580,679,1450,1193,2936,3339,2159
SZ,000001,2019-06-10 09:36:00,12.0500,3,53064.0000,44,S,12.0500,12.0400,12.0300,12.0200,12.0100,12.0600,12.0700,12.0800,12.0900,12.1000,444,81,121,580,679,1646,1198,3036,3339,2120
SZ,000001,2019-06-10 09:36:03,12.0500,9,177172.0000,147,S,12.0500,12.0400,12.0300,12.0200,12.0100,12.0600,12.0700,12.0800,12.0900,12.1000,456,81,121,630,670,1612,1208,3036,3339,2351
SZ,000001,2019-06-10 09:36:06,12.0500,8,149480.0000,124,S,12.0500,12.0400,12.0300,12.0200,12.0100,12.0600,12.0700,12.0800,12.0900,12.1000,1213,81,124,630,670,1665,1208,3043,3339,2486
SZ,000001,2019-06-10 09:36:09,12.0600,15,291832.0000,242,B,12.0500,12.0400,12.0300,12.0200,12.0100,12.0600,12.0700,12.0800,12.0900,12.1000,1230,71,91,650,670,1435,1206,3043,3339,2499
SZ,000001,2019-06-10 09:36:12,12.0600,34,1250452.0000,1037,B,12.0500,12.0400,12.0300,12.0200,12.0100,12.0600,12.0700,12.0800,12.0900,12.1000,1062,71,91,650,670,582,1050,3043,3339,2521
SZ,000001,2019-06-10 09:36:15,12.0600,23,805644.0000,668,B,12.0600,12.0500,12.0400,12.0300,12.0200,12.0700,12.0800,12.0900,12.1000,12.1100,1495,1143,71,91,650,1071,3028,3339,2521,483
SZ,000001,2019-06-10 09:36:18,12.0700,88,2015972.0000,1670,B,12.0700,12.0600,12.0500,12.0400,12.0300,12.0800,12.0900,12.1000,12.1100,12.1200,36,1542,1140,68,94,4612,3329,2521,483,925
SZ,000001,2019-06-10 09:36:21,12.0600,5,57924.0000,48,S,12.0700,12.0600,12.0500,12.0400,12.0300,12.0800,12.0900,12.1000,12.1100,12.1200,159,1746,1140,63,108,4612,3329,2571,483,925
SZ,000001,2019-06-10 09:36:24,12.0700,9,169060.0000,140,S,12.0700,12.0600,12.0500,12.0400,12.0300,12.0800,12.0900,12.1000,12.1100,12.1200,138,1509,1142,63,108,4558,3339,2581,483,925
SZ,000001,2019-06-10 09:36:27,12.0800,8,147272.0000,122,B,12.0700,12.0600,12.0500,12.0400,12.0300,12.0800,12.0900,12.1000,12.1100,12.1200,41,1519,1061,63,117,4543,3139,2581,483,975
SZ,000001,2019-06-10 09:36:30,12.0700,207,12114312.0000,10022,S,12.0800,12.0700,12.0600,12.0500,12.0400,12.1000,12.1100,12.1200,12.1300,12.1400,7,37,1647,1051,63,273,483,975,786,820
SZ,000001,2019-06-10 09:36:33,12.0700,22,294896.0000,244,S,12.0700,12.0600,12.0500,12.0400,12.0300,12.1000,12.1100,12.1200,12.1300,12.1400,34,1647,1051,63,117,5339,483,975,787,820
SZ,000001,2019-06-10 09:36:36,12.0700,11,121968.0000,101,S,12.0700,12.0600,12.0500,12.0400,12.0300,12.1000,12.1100,12.1200,12.1300,12.1400,461,1647,1061,63,217,5409,483,975,794,820
SZ,000001,2019-06-10 09:36:39,12.1000,8,106352.0000,88,B,12.0800,12.0700,12.0600,12.0500,12.0400,12.1000,12.1100,12.1200,12.1300,12.1400,2423,500,1647,1061,63,5386,483,985,794,821
SZ,000001,2019-06-10 09:36:42,12.1000,15,282904.0000,234,B,12.0800,12.0700,12.0600,12.0500,12.0400,12.1000,12.1100,12.1200,12.1300,12.1400,2374,1100,1647,1061,63,5018,483,965,794,821
SZ,000001,2019-06-10 09:36:45,12.0800,10,174192.0000,144,S,12.0800,12.0700,12.0600,12.0500,12.0400,12.1000,12.1100,12.1200,12.1300,12.1400,2384,1105,1644,1061,83,4897,483,965,791,821
SZ,000001,2019-06-10 09:36:48,12.1000,11,621320.0000,514,B,12.0900,12.0800,12.0700,12.0600,12.0500,12.1000,12.1100,12.1200,12.1300,12.1400,1092,2144,679,1644,1061,4696,483,965,781,824
SZ,000001,2019-06-10 09:36:51,12.1000,9,684504.0000,566,B,12.0900,12.0800,12.0700,12.0600,12.0500,12.1000,12.1100,12.1200,12.1300,12.1400,862,2018,679,1644,1061,4537,484,959,781,827
SZ,000001,2019-06-10 09:36:54,12.0900,6,78624.0000,65,S,12.0900,12.0800,12.0700,12.0600,12.0500,12.1000,12.1100,12.1200,12.1300,12.1400,836,2140,678,1144,241,4522,541,959,781,869
SZ,000001,2019-06-10 09:36:57,12.1000,10,478808.0000,396,B,12.0900,12.0800,12.0700,12.0600,12.0500,12.1000,12.1100,12.1200,12.1300,12.1400,481,2140,678,571,241,4503,541,959,781,869
SZ,000001,2019-06-10 09:37:00,12.1000,12,1998888.0000,1652,B,12.0900,12.0800,12.0700,12.0600,12.0500,12.1000,12.1100,12.1200,12.1300,12.1400,627,2137,678,368,241,2918,541,960,781,1402
SZ,000001,2019-06-10 09:37:03,12.1000,11,496064.0000,410,B,12.0900,12.0800,12.0700,12.0600,12.0500,12.1000,12.1100,12.1200,12.1300,12.1400,2396,2137,678,368,241,2556,541,960,811,1407
SZ,000001,2019-06-10 09:37:06,12.1000,17,431904.0000,357,B,12.0900,12.0800,12.0700,12.0600,12.0500,12.1000,12.1100,12.1200,12.1300,12.1400,2211,2147,668,368,221,2262,541,963,811,1407
SZ,000001,2019-06-10 09:37:09,12.0900,10,1052656.0000,870,S,12.0900,12.0800,12.0700,12.0600,12.0500,12.1000,12.1100,12.1200,12.1300,12.1400,2169,662,68,368,224,1432,583,914,811,1405
SZ,000001,2019-06-10 09:37:12,12.1000,11,1200224.0000,992,B,12.0900,12.0800,12.0700,12.0600,12.0500,12.1000,12.1100,12.1200,12.1300,12.1400,2097,662,68,297,224,562,583,915,1024,1405
SZ,000001,2019-06-10 09:37:15,12.1000,38,899408.0000,743,B,12.1000,12.0900,12.0800,12.0700,12.0600,12.1100,12.1200,12.1300,12.1400,12.1500,1765,2139,662,68,297,552,965,1030,1405,2178
SZ,000001,2019-06-10 09:37:18,12.1000,10,139152.0000,115,S,12.1000,12.0900,12.0800,12.0700,12.0600,12.1100,12.1200,12.1300,12.1400,12.1500,1772,2141,662,68,297,553,1065,1035,1405,2228
SZ,000001,2019-06-10 09:37:21,12.1000,15,913592.0000,755,S,12.1000,12.0900,12.0800,12.0700,12.0600,12.1100,12.1200,12.1300,12.1400,12.1500,1208,2140,662,68,297,544,1120,1020,1405,2286
SZ,000001,2019-06-10 09:37:24,12.1000,34,1129648.0000,933,S,12.1000,12.0900,12.0800,12.0700,12.0600,12.1100,12.1200,12.1300,12.1400,12.1500,1260,2140,662,68,297,337,1122,1020,1505,2408
SZ,000001,2019-06-10 09:37:27,12.1000,14,482928.0000,399,S,12.1000,12.0900,12.0800,12.0700,12.0600,12.1100,12.1200,12.1300,12.1400,12.1500,973,2140,662,68,300,206,1317,1020,1505,2408
SZ,000001,2019-06-10 09:37:30,12.0900,46,1730904.0000,1431,S,12.0800,12.0700,12.0600,12.0500,12.0400,12.1000,12.1100,12.1200,12.1300,12.1400,662,44,300,229,68,491,789,1378,1020,1506
SZ,000001,2019-06-10 09:37:33,12.0800,26,1087472.0000,900,S,12.0700,12.0600,12.0500,12.0400,12.0300,12.0800,12.0900,12.1000,12.1100,12.1200,44,300,229,68,227,117,428,869,2749,1383
SZ,000001,2019-06-10 09:37:36,12.0800,14,332080.0000,275,B,12.0600,12.0500,12.0400,12.0300,12.0200,12.0800,12.0900,12.1000,12.1100,12.1200,152,229,68,206,755,12,449,947,2891,1411
SZ,000001,2019-06-10 09:37:39,12.0600,9,77272.0000,64,S,12.0600,12.0500,12.0400,12.0300,12.0200,12.0800,12.0900,12.1000,12.1100,12.1200,131,229,55,206,755,103,433,861,3001,1414
SZ,000001,2019-06-10 09:37:42,12.0800,13,355144.0000,294,B,12.0600,12.0500,12.0400,12.0300,12.0200,12.0800,12.0900,12.1000,12.1100,12.1200,153,230,55,206,755,51,483,824,3021,1414
SZ,000001,2019-06-10 09:37:45,12.0800,12,528008.0000,437,B,12.0800,12.0600,12.0500,12.0400,12.0300,12.0900,12.1000,12.1100,12.1200,12.1300,846,175,230,55,221,313,884,3019,1485,1043
SZ,000001,2019-06-10 09:37:48,12.0800,11,291336.0000,241,S,12.0800,12.0600,12.0500,12.0400,12.0300,12.0900,12.1000,12.1100,12.1200,12.1300,830,190,230,55,221,164,1032,3089,1475,1048
SZ,000001,2019-06-10 09:37:51,12.0900,15,504200.0000,417,B,12.0800,12.0600,12.0500,12.0400,12.0300,12.0900,12.1000,12.1100,12.1200,12.1300,872,190,230,55,221,9,1018,2999,1475,1067
SZ,000001,2019-06-10 09:37:54,12.0800,2,66448.0000,55,S,12.0800,12.0600,12.0500,12.0400,12.0300,12.0900,12.1000,12.1100,12.1200,12.1300,865,314,230,55,236,14,1235,3009,1465,1087
SZ,000001,2019-06-10 09:37:57,12.0800,4,47120.0000,39,S,12.0800,12.0600,12.0500,12.0400,12.0300,12.0900,12.1000,12.1100,12.1200,12.1300,814,314,234,55,236,163,1285,3009,1525,1113
SZ,000001,2019-06-10 09:38:00,12.0900,8,96672.0000,80,B,12.0800,12.0600,12.0500,12.0400,12.0300,12.0900,12.1000,12.1100,12.1200,12.1300,765,314,234,55,236,1597,1801,3009,1525,1163
SZ,000001,2019-06-10 09:38:03,12.0900,18,401112.0000,332,B,12.0800,12.0600,12.0500,12.0400,12.0300,12.0900,12.1000,12.1100,12.1200,12.1300,490,314,135,55,236,1495,1841,2997,1525,1179
SZ,000001,2019-06-10 09:38:06,12.0900,15,631800.0000,523,B,12.0600,12.0500,12.0400,12.0300,12.0200,12.0800,12.0900,12.1000,12.1100,12.1200,334,136,55,236,869,31,1612,1749,2896,1525
SZ,000001,2019-06-10 09:38:09,12.0600,8,77216.0000,64,S,12.0600,12.0500,12.0400,12.0300,12.0200,12.0800,12.0900,12.1000,12.1100,12.1200,288,141,55,236,869,74,1662,2764,2896,1525
SZ,000001,2019-06-10 09:38:12,12.0800,5,48304.0000,40,B,12.0600,12.0500,12.0400,12.0300,12.0200,12.0800,12.0900,12.1000,12.1100,12.1200,398,141,55,236,869,148,1668,2815,2390,1620
SZ,000001,2019-06-10 09:38:15,12.0800,16,288704.0000,239,B,12.0800,12.0700,12.0600,12.0500,12.0400,12.0900,12.1000,12.1100,12.1200,12.1300,374,2,490,141,55,1668,2935,2390,1621,1178
SZ,000001,2019-06-10 09:38:18,12.0800,4,57984.0000,48,S,12.0800,12.0700,12.0600,12.0500,12.0400,12.0900,12.1000,12.1100,12.1200,12.1300,449,2,498,141,48,1677,2953,2390,1621,1228
SZ,000001,2019-06-10 09:38:21,12.0800,6,407168.0000,337,S,12.0800,12.0700,12.0600,12.0500,12.0400,12.0900,12.1000,12.1100,12.1200,12.1300,279,2,406,141,48,2511,2963,2382,1621,1228
SZ,000001,2019-06-10 09:38:24,12.0800,11,323856.0000,268,S,12.0800,12.0700,12.0600,12.0500,12.0400,12.0900,12.1000,12.1100,12.1200,12.1300,210,2,433,128,58,2403,3032,482,1621,1238
SZ,000001,2019-06-10 09:38:27,12.0800,11,824376.0000,682,S,12.0800,12.0700,12.0600,12.0500,12.0400,12.0900,12.1000,12.1100,12.1200,12.1300,117,2,433,128,58,1997,2929,482,1576,1238
SZ,000001,2019-06-10 09:38:30,12.0800,10,207872.0000,172,S,12.0800,12.0700,12.0600,12.0500,12.0400,12.0900,12.1000,12.1100,12.1200,12.1300,169,2,433,129,58,1921,2970,472,1612,1238
SZ,000001,2019-06-10 09:38:33,12.0900,9,117216.0000,97,B,12.0800,12.0700,12.0600,12.0500,12.0400,12.0900,12.1000,12.1100,12.1200,12.1300,136,2,411,129,58,1959,2952,484,1612,1238
SZ,000001,2019-06-10 09:38:36,12.0800,6,179992.0000,149,S,12.0700,12.0600,12.0500,12.0400,12.0300,12.0800,12.0900,12.1000,12.1100,12.1200,1,411,129,58,236,316,2022,2942,698,1610
SZ,000001,2019-06-10 09:38:39,12.0800,3,26576.0000,22,B,12.0700,12.0600,12.0500,12.0400,12.0300,12.0800,12.0900,12.1000,12.1100,12.1200,1,411,129,68,236,331,2030,2980,698,1610
SZ,000001,2019-06-10 09:38:42,12.0800,11,100256.0000,83,B,12.0600,12.0500,12.0400,12.0300,12.0200,12.0800,12.0900,12.1000,12.1100,12.1200,411,129,68,236,328,464,1830,2980,698,1610
SZ,000001,2019-06-10 09:38:48,12.0700,1,1208.0000,1,B,12.0600,12.0500,12.0400,12.0300,12.0200,12.0700,12.0800,12.0900,12.1000,12.1100,411,129,83,236,328,2,641,1831,2981,799
SZ,000001,2019-06-10 09:38:51,12.0700,8,86904.0000,72,B,12.0600,12.0500,12.0400,12.0300,12.0200,12.0700,12.0800,12.0900,12.1000,12.1100,423,129,83,236,328,78,663,1850,2966,852
SZ,000001,2019-06-10 09:38:54,12.0600,5,71208.0000,59,S,12.0600,12.0500,12.0400,12.0300,12.0200,12.0700,12.0800,12.0900,12.1000,12.1100,412,129,83,236,328,146,661,1860,3497,852
SZ,000001,2019-06-10 09:38:57,12.0700,2,74832.0000,62,B,12.0600,12.0500,12.0400,12.0300,12.0200,12.0700,12.0800,12.0900,12.1000,12.1100,412,129,83,221,328,119,681,1860,3427,862
SZ,000001,2019-06-10 09:39:00,12.0700,15,136328.0000,113,B,12.0700,12.0600,12.0500,12.0400,12.0300,12.0800,12.0900,12.1000,12.1100,12.1200,173,364,129,113,221,733,1850,3441,861,1660
SZ,000001,2019-06-10 09:39:03,12.0700,7,199280.0000,165,S,12.0700,12.0600,12.0500,12.0400,12.0300,12.0800,12.0900,12.1000,12.1100,12.1200,2006,364,129,113,221,605,1850,3457,861,1660
SZ,000001,2019-06-10 09:39:06,12.0700,10,182328.0000,151,S,12.0700,12.0600,12.0500,12.0400,12.0300,12.0800,12.0900,12.1000,12.1100,12.1200,2036,364,129,113,206,669,1830,3457,861,1660
SZ,000001,2019-06-10 09:39:09,12.0800,11,634904.0000,526,B,12.0700,12.0600,12.0500,12.0400,12.0300,12.0800,12.0900,12.1000,12.1100,12.1200,1535,364,158,113,206,663,1835,3500,861,1660
SZ,000001,2019-06-10 09:39:12,12.0700,13,217416.0000,180,S,12.0700,12.0600,12.0500,12.0400,12.0300,12.0800,12.0900,12.1000,12.1100,12.1200,1459,364,158,113,206,568,1835,3737,861,1559
SZ,000001,2019-06-10 09:39:15,12.0800,5,86928.0000,72,B,12.0700,12.0600,12.0500,12.0400,12.0300,12.0800,12.0900,12.1000,12.1100,12.1200,1463,364,158,163,206,470,1838,3737,861,1559
SZ,000001,2019-06-10 09:39:18,12.0800,8,115968.0000,96,B,12.0700,12.0600,12.0500,12.0400,12.0300,12.0800,12.0900,12.1000,12.1100,12.1200,1812,364,158,163,206,514,1837,3744,861,1559
SZ,000001,2019-06-10 09:39:21,12.0700,7,107504.0000,89,S,12.0700,12.0600,12.0500,12.0400,12.0300,12.0800,12.0900,12.1000,12.1100,12.1200,1801,364,78,163,206,922,1736,3754,851,1559
SZ,000001,2019-06-10 09:39:24,12.0800,4,44696.0000,37,B,12.0700,12.0600,12.0500,12.0400,12.0300,12.0800,12.0900,12.1000,12.1100,12.1200,1458,372,78,163,206,889,1736,3846,851,1569
SZ,000001,2019-06-10 09:39:27,12.0700,5,338016.0000,280,S,12.0700,12.0600,12.0500,12.0400,12.0300,12.0800,12.0900,12.1000,12.1100,12.1200,1231,372,78,163,206,836,1736,3846,811,1569
SZ,000001,2019-06-10 09:39:30,12.0800,20,555664.0000,460,B,12.0700,12.0600,12.0500,12.0400,12.0300,12.0800,12.0900,12.1000,12.1100,12.1200,1254,372,78,163,206,410,1736,3846,816,1569
SZ,000001,2019-06-10 09:39:33,12.0700,4,83344.0000,69,S,12.0700,12.0600,12.0500,12.0400,12.0300,12.0800,12.0900,12.1000,12.1100,12.1200,1252,372,78,163,206,534,1736,3844,836,1569
SZ,000001,2019-06-10 09:39:36,12.0800,8,385064.0000,319,B,12.0700,12.0600,12.0500,12.0400,12.0300,12.0800,12.0900,12.1000,12.1100,12.1200,966,372,78,163,206,792,1789,3851,904,1589
SZ,000001,2019-06-10 09:39:39,12.0700,4,63968.0000,53,S,12.0700,12.0600,12.0500,12.0400,12.0300,12.0800,12.0900,12.1000,12.1100,12.1200,913,372,78,163,317,815,1789,3853,904,1589
SZ,000001,2019-06-10 09:39:45,12.0800,10,91752.0000,76,B,12.0700,12.0600,12.0500,12.0400,12.0300,12.0800,12.0900,12.1000,12.1100,12.1200,888,352,78,163,327,913,1798,3861,904,1589
SZ,000001,2019-06-10 09:39:48,12.0700,6,114672.0000,95,S,12.0700,12.0600,12.0500,12.0400,12.0300,12.0800,12.0900,12.1000,12.1100,12.1200,793,352,78,163,327,914,1798,3861,904,1589
SZ,000001,2019-06-10 09:39:51,12.0700,6,158176.0000,131,S,12.0700,12.0600,12.0500,12.0400,12.0300,12.0800,12.0900,12.1000,12.1100,12.1200,726,352,78,163,327,902,1806,3861,904,1589
SZ,000001,2019-06-10 09:39:54,12.0800,3,55560.0000,46,B,12.0700,12.0600,12.0500,12.0400,12.0300,12.0800,12.0900,12.1000,12.1100,12.1200,762,352,101,163,329,865,1926,4200,1257,1589
SZ,000001,2019-06-10 09:39:57,12.0700,5,121984.0000,101,S,12.0700,12.0600,12.0500,12.0400,12.0300,12.0800,12.0900,12.1000,12.1100,12.1200,733,352,101,113,329,808,1926,4202,1262,1589
SZ,000001,2019-06-10 09:40:00,12.0800,3,370552.0000,307,B,12.0700,12.0600,12.0500,12.0400,12.0300,12.0800,12.0900,12.1000,12.1100,12.1200,430,352,101,113,329,880,1926,4140,1262,1589
SZ,000001,2019-06-10 09:40:03,12.0800,31,632624.0000,524,B,12.0700,12.0600,12.0500,12.0400,12.0300,12.0800,12.0900,12.1000,12.1100,12.1200,106,358,101,113,329,775,1925,4167,1262,1589
SZ,000001,2019-06-10 09:40:06,12.0700,11,258400.0000,214,S,12.0600,12.0500,12.0400,12.0300,12.0200,12.0700,12.0800,12.0900,12.1000,12.1100,358,101,113,429,328,197,805,1925,4187,1262
SZ,000001,2019-06-10 09:40:09,12.0700,8,290888.0000,241,B,12.0600,12.0500,12.0400,12.0300,12.0200,12.0700,12.0800,12.0900,12.1000,12.1100,373,101,121,479,328,145,802,1920,4187,1277
SZ,000001,2019-06-10 09:40:12,12.0700,2,51896.0000,43,B,12.0600,12.0500,12.0400,12.0300,12.0200,12.0700,12.0800,12.0900,12.1000,12.1100,373,101,121,479,328,147,843,1920,4187,1277
SZ,000001,2019-06-10 09:40:15,12.0700,4,26560.0000,22,B,12.0600,12.0500,12.0400,12.0300,12.0200,12.0700,12.0800,12.0900,12.1000,12.1100,253,101,121,479,328,1148,853,1925,4195,1282
SZ,000001,2019-06-10 09:40:18,12.0500,31,424496.0000,352,S,12.0500,12.0400,12.0300,12.0200,12.0100,12.0600,12.0700,12.0800,12.0900,12.1000,46,121,479,338,679,11,1106,866,1935,4215
SZ,000001,2019-06-10 09:40:21,12.0500,2,3616.0000,3,S,12.0500,12.0400,12.0300,12.0200,12.0100,12.0600,12.0700,12.0800,12.0900,12.1000,43,121,479,348,679,18,1195,876,1935,4233
SZ,000001,2019-06-10 09:40:24,12.0500,1,12048.0000,10,S,12.0500,12.0400,12.0300,12.0200,12.0100,12.0600,12.0700,12.0800,12.0900,12.1000,201,121,479,352,679,539,1247,876,1945,4238
SZ,000001,2019-06-10 09:40:27,12.0600,8,156784.0000,130,B,12.0500,12.0400,12.0300,12.0200,12.0100,12.0600,12.0700,12.0800,12.0900,12.1000,200,121,479,352,679,438,1247,876,1925,4144
SZ,000001,2019-06-10 09:40:30,12.0600,9,257872.0000,214,B,12.0500,12.0400,12.0300,12.0200,12.0100,12.0600,12.0700,12.0800,12.0900,12.1000,17,121,479,352,679,726,1247,885,1908,4144
SZ,000001,2019-06-10 09:40:33,12.0600,8,108472.0000,90,B,12.0400,12.0300,12.0200,12.0100,12.0000,12.0500,12.0600,12.0700,12.0800,12.0900,101,479,352,679,478,20,1665,1247,885,1908
SZ,000001,2019-06-10 09:40:36,12.0400,3,18072.0000,15,S,12.0400,12.0300,12.0200,12.0100,12.0000,12.0500,12.0600,12.0700,12.0800,12.0900,100,479,352,639,478,6,1696,1247,820,1918
SZ,000001,2019-06-10 09:40:39,12.0500,4,39752.0000,33,B,12.0400,12.0300,12.0200,12.0100,12.0000,12.0500,12.0600,12.0700,12.0800,12.0900,87,479,352,639,478,515,1648,1237,825,1918
SZ,000001,2019-06-10 09:40:42,12.0500,17,289088.0000,240,B,12.0300,12.0200,12.0100,12.0000,11.9900,12.0500,12.0600,12.0700,12.0800,12.0900,465,352,639,493,770,692,1662,237,825,1918
SZ,000001,2019-06-10 09:40:45,12.0400,2,95112.0000,79,S,12.0300,12.0200,12.0100,12.0000,11.9900,12.0400,12.0500,12.0600,12.0700,12.0800,457,352,639,493,770,22,753,1702,247,830
SZ,000001,2019-06-10 09:40:48,12.0400,6,40952.0000,34,B,12.0400,12.0300,12.0200,12.0100,12.0000,12.0500,12.0600,12.0700,12.0800,12.0900,3,1349,352,639,493,743,1702,247,805,1895
SZ,000001,2019-06-10 09:40:51,12.0300,5,77072.0000,64,S,12.0300,12.0200,12.0100,12.0000,11.9900,12.0500,12.0600,12.0700,12.0800,12.0900,1341,352,639,478,770,759,1677,247,803,1895
SZ,000001,2019-06-10 09:40:54,12.0300,20,1308464.0000,1086,S,12.0300,12.0200,12.0100,12.0000,11.9900,12.0400,12.0500,12.0600,12.0700,12.0800,1337,352,634,478,770,225,4,1687,213,803
SZ,000001,2019-06-10 09:40:57,12.0400,4,272104.0000,226,B,12.0400,12.0300,12.0200,12.0100,12.0000,12.0500,12.0600,12.0700,12.0800,12.0900,206,1404,352,634,478,104,1710,218,803,1895
SZ,000001,2019-06-10 09:41:00,12.0400,9,156648.0000,130,S,12.0400,12.0300,12.0200,12.0100,12.0000,12.0600,12.0700,12.0800,12.0900,12.1000,347,1334,348,634,428,1710,198,826,1894,4381
SZ,000001,2019-06-10 09:41:03,12.0500,8,66248.0000,55,B,12.0400,12.0300,12.0200,12.0100,12.0000,12.0600,12.0700,12.0800,12.0900,12.1000,217,1324,348,634,399,1710,252,831,1894,4381
SZ,000001,2019-06-10 09:41:06,12.0500,21,704136.0000,585,B,12.0400,12.0300,12.0200,12.0100,12.0000,12.0500,12.0600,12.0700,12.0800,12.0900,126,1311,398,634,399,485,1756,232,831,1924
SZ,000001,2019-06-10 09:41:09,12.0400,4,133696.0000,111,S,12.0400,12.0300,12.0200,12.0100,12.0000,12.0500,12.0600,12.0700,12.0800,12.0900,128,1041,398,634,399,2374,1756,232,871,1944
SZ,000001,2019-06-10 09:41:12,12.0500,6,87960.0000,73,B,12.0400,12.0300,12.0200,12.0100,12.0000,12.0500,12.0600,12.0700,12.0800,12.0900,167,1059,398,634,387,2392,1687,234,886,2024
SZ,000001,2019-06-10 09:41:18,12.0400,5,83112.0000,69,S,12.0400,12.0300,12.0200,12.0100,12.0000,12.0500,12.0600,12.0700,12.0800,12.0900,173,1141,377,631,388,2736,1691,234,906,2024
SZ,000001,2019-06-10 09:41:21,12.0400,5,99992.0000,83,S,12.0400,12.0300,12.0200,12.0100,12.0000,12.0500,12.0600,12.0700,12.0800,12.0900,213,1141,377,631,388,2694,1691,234,906,2024
SZ,000001,2019-06-10 09:41:24,12.0400,6,101168.0000,84,S,12.0400,12.0300,12.0200,12.0100,12.0000,12.0500,12.0600,12.0700,12.0800,12.0900,185,1141,377,631,395,2674,1691,234,906,2024
SZ,000001,2019-06-10 09:41:27,12.0400,3,18064.0000,15,S,12.0400,12.0300,12.0200,12.0100,12.0000,12.0500,12.0600,12.0700,12.0800,12.0900,233,1141,377,621,441,2674,1691,234,1001,1724
SZ,000001,2019-06-10 09:41:33,12.0400,5,75856.0000,63,S,12.0400,12.0300,12.0200,12.0100,12.0000,12.0500,12.0600,12.0700,12.0800,12.0900,290,1141,377,621,442,2686,1691,234,1006,1754
SZ,000001,2019-06-10 09:41:36,12.0400,5,50576.0000,42,S,12.0400,12.0300,12.0200,12.0100,12.0000,12.0500,12.0600,12.0700,12.0800,12.0900,284,1191,377,611,458,2687,1691,234,1083,1754
SZ,000001,2019-06-10 09:41:39,12.0400,10,341936.0000,284,S,12.0300,12.0200,12.0100,12.0000,11.9900,12.0400,12.0500,12.0600,12.0700,12.0800,1191,377,611,458,775,216,2697,1691,234,1083
SZ,000001,2019-06-10 09:41:42,12.0400,5,96320.0000,80,B,12.0300,12.0200,12.0100,12.0000,11.9900,12.0400,12.0500,12.0600,12.0700,12.0800,1256,377,611,458,775,145,2797,1691,234,1083
SZ,000001,2019-06-10 09:41:45,12.0400,6,381416.0000,317,B,12.0300,12.0200,12.0100,12.0000,11.9900,12.0400,12.0500,12.0600,12.0700,12.0800,1021,377,611,458,784,384,2962,765,234,1083
SZ,000001,2019-06-10 09:41:48,12.0400,6,61400.0000,51,B,12.0300,12.0200,12.0100,12.0000,11.9900,12.0400,12.0500,12.0600,12.0700,12.0800,1048,372,621,462,784,459,2906,764,234,1088
SZ,000001,2019-06-10 09:41:51,12.0400,3,34904.0000,29,B,12.0300,12.0200,12.0100,12.0000,11.9900,12.0400,12.0500,12.0600,12.0700,12.0800,1037,372,621,531,803,471,2906,764,234,1088
SZ,000001,2019-06-10 09:41:54,12.0300,8,226184.0000,188,S,12.0300,12.0200,12.0100,12.0000,11.9900,12.0400,12.0500,12.0600,12.0700,12.0800,873,372,621,531,803,447,2906,759,234,1088
SZ,000001,2019-06-10 09:41:57,12.0300,5,148072.0000,123,S,12.0300,12.0200,12.0100,12.0000,11.9900,12.0400,12.0500,12.0600,12.0700,12.0800,851,372,621,531,833,396,2906,759,234,1088
SZ,000001,2019-06-10 09:42:00,12.0400,3,240800.0000,200,B,12.0300,12.0200,12.0100,12.0000,11.9900,12.0400,12.0500,12.0600,12.0700,12.0800,854,392,621,561,833,683,2906,757,234,1088
SZ,000001,2019-06-10 09:42:03,12.0300,7,685760.0000,570,S,12.0300,12.0200,12.0100,12.0000,11.9900,12.0400,12.0500,12.0600,12.0700,12.0800,334,392,651,561,833,640,2884,757,234,961
SZ,000001,2019-06-10 09:42:06,12.0400,18,476520.0000,396,B,12.0300,12.0200,12.0100,12.0000,11.9900,12.0400,12.0500,12.0600,12.0700,12.0800,82,492,651,811,833,555,2884,757,234,954
SZ,000001,2019-06-10 09:42:09,12.0300,7,96240.0000,80,S,12.0300,12.0200,12.0100,12.0000,11.9900,12.0400,12.0500,12.0600,12.0700,12.0800,18,492,651,776,833,552,2878,757,234,954
SZ,000001,2019-06-10 09:42:12,12.0400,15,726000.0000,603,B,12.0400,12.0300,12.0200,12.0100,12.0000,12.0500,12.0600,12.0700,12.0800,12.0900,411,323,510,641,781,2898,757,234,954,1757
SZ,000001,2019-06-10 09:42:15,12.0400,1,1200.0000,1,S,12.0400,12.0300,12.0200,12.0100,12.0000,12.0500,12.0600,12.0700,12.0800,12.0900,410,322,519,641,781,2898,757,234,954,1757
SZ,000001,2019-06-10 09:42:18,12.0400,6,301032.0000,250,S,12.0400,12.0300,12.0200,12.0100,12.0000,12.0500,12.0600,12.0700,12.0800,12.0900,213,375,519,642,781,2915,743,234,954,1757
SZ,000001,2019-06-10 09:42:21,12.0500,4,158944.0000,132,B,12.0400,12.0300,12.0200,12.0100,12.0000,12.0500,12.0600,12.0700,12.0800,12.0900,95,399,519,642,781,2907,743,234,954,1757
SZ,000001,2019-06-10 09:42:24,12.0400,6,209496.0000,174,S,12.0300,12.0200,12.0100,12.0000,11.9900,12.0400,12.0500,12.0600,12.0700,12.0800,602,519,642,567,833,336,2907,743,234,954
SZ,000001,2019-06-10 09:42:27,12.0400,4,60200.0000,50,B,12.0300,12.0200,12.0100,12.0000,11.9900,12.0400,12.0500,12.0600,12.0700,12.0800,876,519,642,1022,833,286,2922,743,234,954
SZ,000001,2019-06-10 09:42:30,12.0400,7,345544.0000,287,S,12.0400,12.0300,12.0200,12.0100,12.0000,12.0500,12.0600,12.0700,12.0800,12.0900,937,955,519,642,1022,2855,743,234,959,1757
SZ,000001,2019-06-10 09:42:33,12.0400,3,20472.0000,17,S,12.0400,12.0300,12.0200,12.0100,12.0000,12.0500,12.0600,12.0700,12.0800,12.0900,1294,956,519,642,1022,2861,743,234,841,1757
SZ,000001,2019-06-10 09:42:36,12.0400,3,142072.0000,118,S,12.0400,12.0300,12.0200,12.0100,12.0000,12.0500,12.0600,12.0700,12.0800,12.0900,1396,991,519,652,1022,2938,743,234,841,1757
SZ,000001,2019-06-10 09:42:39,12.0400,6,285448.0000,237,S,12.0400,12.0300,12.0200,12.0100,12.0000,12.0500,12.0600,12.0700,12.0800,12.0900,1276,1031,519,652,1022,2840,743,234,841,1757
SZ,000001,2019-06-10 09:42:42,12.0400,19,1220856.0000,1014,S,12.0300,12.0200,12.0100,12.0000,11.9900,12.0400,12.0500,12.0600,12.0700,12.0800,1031,519,673,622,823,57,2840,743,234,841
SZ,000001,2019-06-10 09:42:45,12.0400,7,79464.0000,66,B,12.0300,12.0200,12.0100,12.0000,11.9900,12.0400,12.0500,12.0600,12.0700,12.0800,1079,519,673,622,823,70,2854,711,234,841
SZ,000001,2019-06-10 09:42:48,12.0400,1,18056.0000,15,B,12.0300,12.0200,12.0100,12.0000,11.9900,12.0400,12.0500,12.0600,12.0700,12.0800,1000,519,673,622,823,122,2780,711,234,841
SZ,000001,2019-06-10 09:42:51,12.0400,2,15656.0000,13,B,12.0300,12.0200,12.0100,12.0000,11.9900,12.0400,12.0500,12.0600,12.0700,12.0800,1016,519,673,622,823,249,2780,711,234,841
SZ,000001,2019-06-10 09:42:54,12.0400,6,67424.0000,56,B,12.0300,12.0200,12.0100,12.0000,11.9900,12.0400,12.0500,12.0600,12.0700,12.0800,1036,519,673,624,823,162,2780,711,234,836
SZ,000001,2019-06-10 09:42:57,12.0400,3,197448.0000,164,B,12.0300,12.0200,12.0100,12.0000,11.9900,12.0400,12.0500,12.0600,12.0700,12.0800,1039,534,673,624,823,30,2780,481,234,836
SZ,000001,2019-06-10 09:43:00,12.0400,10,119200.0000,99,B,12.0300,12.0200,12.0100,12.0000,11.9900,12.0400,12.0500,12.0600,12.0700,12.0800,1054,534,681,624,823,34,2781,481,234,836
SZ,000001,2019-06-10 09:43:03,12.0400,6,130024.0000,108,B,12.0400,12.0300,12.0200,12.0100,12.0000,12.0500,12.0600,12.0700,12.0800,12.0900,286,1139,534,681,624,2776,481,234,846,1777
SZ,000001,2019-06-10 09:43:06,12.0400,3,19272.0000,16,S,12.0400,12.0300,12.0200,12.0100,12.0000,12.0500,12.0600,12.0700,12.0800,12.0900,323,1103,537,681,660,2847,481,234,876,1777
SZ,000001,2019-06-10 09:43:09,12.0400,2,13240.0000,11,S,12.0400,12.0300,12.0200,12.0100,12.0000,12.0500,12.0600,12.0700,12.0800,12.0900,300,1103,537,681,660,2864,481,234,865,1777
SZ,000001,2019-06-10 09:43:12,12.0500,5,127664.0000,106,B,12.0400,12.0300,12.0200,12.0100,12.0000,12.0500,12.0600,12.0700,12.0800,12.0900,257,1091,537,681,660,2869,481,234,865,1777
SZ,000001,2019-06-10 09:43:15,12.0400,19,331112.0000,275,S,12.0300,12.0200,12.0100,12.0000,11.9900,12.0400,12.0500,12.0600,12.0700,12.0800,1091,537,681,660,823,1745,2860,481,234,865
SZ,000001,2019-06-10 09:43:18,12.0300,4,225144.0000,187,S,12.0300,12.0200,12.0100,12.0000,11.9900,12.0400,12.0500,12.0600,12.0700,12.0800,1097,537,681,660,823,1562,2890,481,226,865
SZ,000001,2019-06-10 09:43:21,12.0300,4,114376.0000,95,S,12.0300,12.0200,12.0100,12.0000,11.9900,12.0400,12.0500,12.0600,12.0700,12.0800,1096,537,681,1160,823,1554,2899,481,226,865
SZ,000001,2019-06-10 09:43:24,12.0400,1,72240.0000,60,B,12.0300,12.0200,12.0100,12.0000,11.9900,12.0400,12.0500,12.0600,12.0700,12.0800,1179,537,681,1160,823,1595,2808,481,226,865
SZ,000001,2019-06-10 09:43:30,12.0400,7,876512.0000,728,B,12.0300,12.0200,12.0100,12.0000,11.9900,12.0400,12.0500,12.0600,12.0700,12.0800,1274,543,681,1160,823,886,2813,481,226,865
SZ,000001,2019-06-10 09:43:33,12.0400,16,1095640.0000,910,B,12.0400,12.0300,12.0200,12.0100,12.0000,12.0500,12.0600,12.0700,12.0800,12.0900,1564,1287,525,681,2160,2813,481,226,865,1827
SZ,000001,2019-06-10 09:43:36,12.0700,64,4068808.0000,3376,B,12.0600,12.0500,12.0400,12.0300,12.0200,12.0700,12.0800,12.0900,12.1000,12.1100,96,293,1598,1260,525,167,865,1827,4268,1662
SZ,000001,2019-06-10 09:43:39,12.0700,4,22936.0000,19,B,12.0600,12.0500,12.0400,12.0300,12.0200,12.0700,12.0800,12.0900,12.1000,12.1100,150,322,68,1260,524,148,865,1516,4291,1662
SZ,000001,2019-06-10 09:43:42,12.0700,6,154488.0000,128,B,12.0600,12.0500,12.0400,12.0300,12.0200,12.0700,12.0800,12.0900,12.1000,12.1100,243,289,68,1163,524,25,865,1516,4291,1662
SZ,000001,2019-06-10 09:43:45,12.0600,5,54288.0000,45,S,12.0600,12.0500,12.0400,12.0300,12.0200,12.0700,12.0800,12.0900,12.1000,12.1100,405,289,559,1163,524,15,865,1516,4291,1662
SZ,000001,2019-06-10 09:43:48,12.0800,15,149736.0000,124,B,12.0600,12.0500,12.0400,12.0300,12.0200,12.0800,12.0900,12.1000,12.1100,12.1200,389,260,566,1163,524,777,1516,4289,1562,2225
SZ,000001,2019-06-10 09:43:51,12.0600,2,12064.0000,10,S,12.0600,12.0500,12.0400,12.0300,12.0200,12.0700,12.0800,12.0900,12.1000,12.1100,379,260,566,1163,524,15,846,1499,4289,1562
SZ,000001,2019-06-10 09:43:54,12.0700,2,38624.0000,32,B,12.0700,12.0600,12.0500,12.0400,12.0300,12.0800,12.0900,12.1000,12.1100,12.1200,51,430,195,566,1163,826,1499,4289,1562,2225
SZ,000001,2019-06-10 09:43:57,12.0700,2,61552.0000,51,S,12.0600,12.0500,12.0400,12.0300,12.0200,12.0700,12.0800,12.0900,12.1000,12.1100,432,195,626,1163,524,33,826,1499,3760,1562
SZ,000001,2019-06-10 09:44:00,12.0700,4,94152.0000,78,B,12.0700,12.0600,12.0500,12.0400,12.0300,12.0800,12.0900,12.1000,12.1100,12.1200,121,340,195,626,1165,831,1499,3760,1562,2225
SZ,000001,2019-06-10 09:44:03,12.0800,7,92992.0000,77,B,12.0700,12.0600,12.0500,12.0400,12.0300,12.0800,12.0900,12.1000,12.1100,12.1200,119,464,195,626,1165,855,1519,3809,1562,2466
SZ,000001,2019-06-10 09:44:06,12.0700,1,1208.0000,1,S,12.0700,12.0600,12.0500,12.0400,12.0300,12.0800,12.0900,12.1000,12.1100,12.1200,120,464,195,626,1165,1925,1519,3800,1562,2476
SZ,000001,2019-06-10 09:44:09,12.0800,11,102664.0000,85,B,12.0700,12.0600,12.0500,12.0400,12.0300,12.0800,12.0900,12.1000,12.1100,12.1200,248,464,195,626,1165,1900,1529,3810,1562,2476
SZ,000001,2019-06-10 09:44:12,12.0700,15,207656.0000,172,S,12.0700,12.0600,12.0500,12.0400,12.0300,12.0800,12.0900,12.1000,12.1100,12.1200,125,464,195,631,1157,1939,1529,3810,1562,2702
SZ,000001,2019-06-10 09:44:15,12.0700,4,97776.0000,81,S,12.0700,12.0600,12.0500,12.0400,12.0300,12.0800,12.0900,12.1000,12.1100,12.1200,144,464,212,647,1133,1931,1529,3834,1562,2702
SZ,000001,2019-06-10 09:44:18,12.0800,7,44696.0000,37,B,12.0700,12.0600,12.0500,12.0400,12.0300,12.0800,12.0900,12.1000,12.1100,12.1200,170,474,214,647,1133,1914,1529,3839,1567,2702
SZ,000001,2019-06-10 09:44:21,12.0700,27,460216.0000,381,S,12.0700,12.0600,12.0500,12.0400,12.0300,12.0800,12.0900,12.1000,12.1100,12.1200,240,474,214,647,1182,1598,1529,3839,1567,2702
SZ,000001,2019-06-10 09:44:24,12.0800,6,38648.0000,32,B,12.0700,12.0600,12.0500,12.0400,12.0300,12.0800,12.0900,12.1000,12.1100,12.1200,292,473,244,647,1182,1593,1579,3839,1567,2702
SZ,000001,2019-06-10 09:44:27,12.0800,14,262048.0000,217,B,12.0700,12.0600,12.0500,12.0400,12.0300,12.0800,12.0900,12.1000,12.1100,12.1200,266,473,249,647,1156,1494,1593,3824,1567,2702
SZ,000001,2019-06-10 09:44:30,12.0700,5,41040.0000,34,S,12.0700,12.0600,12.0500,12.0400,12.0300,12.0800,12.0900,12.1000,12.1100,12.1200,236,473,249,647,1156,1512,1573,3824,1567,2702
SZ,000001,2019-06-10 09:44:33,12.0700,4,31384.0000,26,S,12.0700,12.0600,12.0500,12.0400,12.0300,12.0800,12.0900,12.1000,12.1100,12.1200,237,473,249,647,1156,1532,1563,3904,1567,2702
SZ,000001,2019-06-10 09:44:36,12.0700,14,266872.0000,221,S,12.0700,12.0600,12.0500,12.0400,12.0300,12.0800,12.0900,12.1000,12.1100,12.1200,140,473,249,647,1156,1417,1583,3909,1567,2702
SZ,000001,2019-06-10 09:44:39,12.0700,2,19312.0000,16,S,12.0700,12.0600,12.0500,12.0400,12.0300,12.0800,12.0900,12.1000,12.1100,12.1200,163,473,249,647,1156,1480,1583,3909,1569,2702
SZ,000001,2019-06-10 09:44:42,12.0800,4,39856.0000,33,B,12.0700,12.0600,12.0500,12.0400,12.0300,12.0800,12.0900,12.1000,12.1100,12.1200,187,473,249,647,1156,1571,1583,3916,1569,2706
SZ,000001,2019-06-10 09:44:45,12.0700,17,1407296.0000,1165,S,12.0700,12.0600,12.0500,12.0400,12.0300,12.0800,12.0900,12.1000,12.1100,12.1200,163,473,249,658,1156,441,1583,3916,1569,2705
SZ,000001,2019-06-10 09:44:48,12.0700,43,671552.0000,556,S,12.0700,12.0600,12.0500,12.0400,12.0300,12.0800,12.0900,12.1000,12.1100,12.1200,75,473,249,758,1160,13,1583,3916,1559,2705
SZ,000001,2019-06-10 09:44:51,12.0800,3,28616.0000,24,B,12.0800,12.0700,12.0600,12.0500,12.0400,12.0900,12.1000,12.1100,12.1200,12.1300,89,125,487,194,758,1583,3916,1559,2705,1472
SZ,000001,2019-06-10 09:44:54,12.0800,6,177576.0000,147,S,12.0800,12.0700,12.0600,12.0500,12.0400,12.0900,12.1000,12.1100,12.1200,12.1300,48,125,387,194,758,1632,3913,1559,2715,1472
SZ,000001,2019-06-10 09:44:57,12.0900,3,56784.0000,47,B,12.0800,12.0700,12.0600,12.0500,12.0400,12.0900,12.1000,12.1100,12.1200,12.1300,36,153,387,207,758,1628,3933,1559,2715,1472
SZ,000001,2019-06-10 09:45:00,12.0800,9,80936.0000,67,S,12.0800,12.0700,12.0600,12.0500,12.0400,12.0900,12.1000,12.1100,12.1200,12.1300,325,163,387,207,774,1626,3933,1559,2715,1472
SZ,000001,2019-06-10 09:45:03,12.0800,22,521672.0000,431,S,12.0800,12.0700,12.0600,12.0500,12.0400,12.0900,12.1000,12.1100,12.1200,12.1300,586,182,387,207,774,1425,4001,1559,2715,1472
SZ,000001,2019-06-10 09:45:06,12.0900,12,242840.0000,201,B,12.0800,12.0700,12.0600,12.0500,12.0400,12.0900,12.1000,12.1100,12.1200,12.1300,437,213,387,207,774,1486,4093,1559,2715,1472
SZ,000001,2019-06-10 09:45:09,12.0900,7,128120.0000,106,B,12.0800,12.0700,12.0600,12.0500,12.0400,12.0900,12.1000,12.1100,12.1200,12.1300,486,313,373,207,774,1502,4093,1559,2715,1472
SZ,000001,2019-06-10 09:45:12,12.0900,7,66472.0000,55,B,12.0800,12.0700,12.0600,12.0500,12.0400,12.0900,12.1000,12.1100,12.1200,12.1300,462,313,347,207,774,1459,4063,1559,2729,1472
SZ,000001,2019-06-10 09:45:15,12.0800,5,81000.0000,67,S,12.0800,12.0700,12.0600,12.0500,12.0400,12.0900,12.1000,12.1100,12.1200,12.1300,444,313,347,207,774,1402,4073,1559,2724,1472
SZ,000001,2019-06-10 09:45:18,12.0900,4,61648.0000,51,B,12.0800,12.0700,12.0600,12.0500,12.0400,12.0900,12.1000,12.1100,12.1200,12.1300,436,313,347,77,774,1524,4070,1559,2724,1472
SZ,000001,2019-06-10 09:45:21,12.0800,11,247664.0000,205,S,12.0800,12.0700,12.0600,12.0500,12.0400,12.0900,12.1000,12.1100,12.1200,12.1300,262,313,347,77,774,1512,4070,1559,2724,1482
SZ,000001,2019-06-10 09:45:24,12.0900,5,36240.0000,30,B,12.0800,12.0700,12.0600,12.0500,12.0400,12.0900,12.1000,12.1100,12.1200,12.1300,285,313,347,77,774,1761,4060,1589,2724,1482
SZ,000001,2019-06-10 09:45:27,12.0900,35,1216248.0000,1006,B,12.0800,12.0700,12.0600,12.0500,12.0400,12.0900,12.1000,12.1100,12.1200,12.1300,314,313,1367,77,774,803,4091,1587,2707,1482
SZ,000001,2019-06-10 09:45:30,12.0800,15,286296.0000,237,S,12.0800,12.0700,12.0600,12.0500,12.0400,12.0900,12.1000,12.1100,12.1200,12.1300,173,313,1366,77,774,824,4016,1587,2707,1482
SZ,000001,2019-06-10 09:45:33,12.0900,10,169264.0000,140,B,12.0800,12.0700,12.0600,12.0500,12.0400,12.0900,12.1000,12.1100,12.1200,12.1300,325,349,1366,77,760,702,4027,1587,2711,1482
SZ,000001,2019-06-10 09:45:36,12.0900,4,62864.0000,52,B,12.0800,12.0700,12.0600,12.0500,12.0400,12.0900,12.1000,12.1100,12.1200,12.1300,325,349,1366,77,753,697,4016,1587,2711,1482
SZ,000001,2019-06-10 09:45:39,12.0800,3,38680.0000,32,S,12.0800,12.0700,12.0600,12.0500,12.0400,12.0900,12.1000,12.1100,12.1200,12.1300,2543,354,1416,77,753,677,4088,1587,2718,1485
SZ,000001,2019-06-10 09:45:42,12.0800,5,97848.0000,81,S,12.0800,12.0700,12.0600,12.0500,12.0400,12.0900,12.1000,12.1100,12.1200,12.1300,2543,354,1416,77,773,774,4095,1594,2718,1479
SZ,000001,2019-06-10 09:45:45,12.0800,3,32616.0000,27,S,12.0800,12.0700,12.0600,12.0500,12.0400,12.0900,12.1000,12.1100,12.1200,12.1300,2560,354,1396,77,773,913,4095,1597,2318,1479
SZ,000001,2019-06-10 09:45:48,12.0900,13,317968.0000,263,B,12.0800,12.0700,12.0600,12.0500,12.0400,12.0900,12.1000,12.1100,12.1200,12.1300,2560,354,1364,44,773,760,4126,1597,2318,1479
SZ,000001,2019-06-10 09:45:51,12.0800,2,24160.0000,20,S,12.0800,12.0700,12.0600,12.0500,12.0400,12.0900,12.1000,12.1100,12.1200,12.1300,2543,354,1364,44,773,785,4134,1597,2318,1479
SZ,000001,2019-06-10 09:45:54,12.0900,3,70088.0000,58,B,12.0800,12.0700,12.0600,12.0500,12.0400,12.0900,12.1000,12.1100,12.1200,12.1300,2617,354,1340,44,773,872,4134,1604,2318,1479
SZ,000001,2019-06-10 09:45:57,12.0900,5,43528.0000,36,B,12.0800,12.0700,12.0600,12.0500,12.0400,12.0900,12.1000,12.1100,12.1200,12.1300,2616,354,1338,44,773,942,4134,1604,2343,1479
SZ,000001,2019-06-10 09:46:00,12.0900,8,97920.0000,81,B,12.0800,12.0700,12.0600,12.0500,12.0400,12.0900,12.1000,12.1100,12.1200,12.1300,2598,323,1338,95,773,981,4295,1604,2343,1479
SZ,000001,2019-06-10 09:46:03,12.0900,1,58032.0000,48,B,12.0800,12.0700,12.0600,12.0500,12.0400,12.0900,12.1000,12.1100,12.1200,12.1300,2608,323,1338,95,773,968,4295,1604,2333,1479
SZ,000001,2019-06-10 09:46:06,12.0800,3,84560.0000,70,S,12.0800,12.0700,12.0600,12.0500,12.0400,12.0900,12.1000,12.1100,12.1200,12.1300,2569,323,1338,95,773,970,4375,1607,2333,1479
SZ,000001,2019-06-10 09:46:09,12.0900,57,1160640.0000,960,B,12.0800,12.0700,12.0600,12.0500,12.0400,12.0900,12.1000,12.1100,12.1200,12.1300,2604,365,1338,95,773,372,4380,1607,2333,1522
SZ,000001,2019-06-10 09:46:12,12.0800,16,1623256.0000,1343,S,12.0800,12.0700,12.0600,12.0500,12.0400,12.1000,12.1100,12.1200,12.1300,12.1400,2375,365,1338,95,773,4380,1597,2333,1515,3068
SZ,000001,2019-06-10 09:46:15,12.0900,3,76176.0000,63,B,12.0900,12.0800,12.0700,12.0600,12.0500,12.1000,12.1100,12.1200,12.1300,12.1400,37,2516,365,1338,95,4422,1597,2328,1515,3068
SZ,000001,2019-06-10 09:46:18,12.0900,11,224896.0000,186,S,12.0900,12.0800,12.0700,12.0600,12.0500,12.1000,12.1100,12.1200,12.1300,12.1400,24,2287,393,1338,95,4775,1597,2343,1545,3068
SZ,000001,2019-06-10 09:46:21,12.1000,13,165648.0000,137,B,12.0800,12.0700,12.0600,12.0500,12.0400,12.1000,12.1100,12.1200,12.1300,12.1400,2276,393,1338,95,773,4749,1597,2343,1545,3038
SZ,000001,2019-06-10 09:46:24,12.0800,5,111232.0000,92,S,12.0800,12.0700,12.0600,12.0500,12.0400,12.0900,12.1000,12.1100,12.1200,12.1300,2352,393,1338,95,773,234,4905,1601,2343,1545
SZ,000001,2019-06-10 09:46:27,12.0800,6,62864.0000,52,S,12.0800,12.0700,12.0600,12.0500,12.0400,12.0900,12.1000,12.1100,12.1200,12.1300,2361,393,1338,95,773,421,4938,1601,2443,1545
SZ,000001,2019-06-10 09:46:30,12.0900,1,1200.0000,1,B,12.0800,12.0700,12.0600,12.0500,12.0400,12.0900,12.1000,12.1100,12.1200,12.1300,2361,393,1338,215,773,578,5028,1701,2473,1545
SZ,000001,2019-06-10 09:46:33,12.0900,5,74960.0000,62,B,12.0800,12.0700,12.0600,12.0500,12.0400,12.0900,12.1000,12.1100,12.1200,12.1300,2352,393,1338,215,773,534,5122,1681,2473,1545
SZ,000001,2019-06-10 09:46:36,12.0900,5,126944.0000,105,B,12.0800,12.0700,12.0600,12.0500,12.0400,12.0900,12.1000,12.1100,12.1200,12.1300,2383,393,1338,215,798,449,5147,1681,2488,1496
SZ,000001,2019-06-10 09:46:39,12.0900,5,36272.0000,30,B,12.0800,12.0700,12.0600,12.0500,12.0400,12.0900,12.1000,12.1100,12.1200,12.1300,2401,393,1328,205,798,423,5219,1681,2488,1496
SZ,000001,2019-06-10 09:46:42,12.0900,7,377200.0000,312,B,12.0800,12.0700,12.0600,12.0500,12.0400,12.0900,12.1000,12.1100,12.1200,12.1300,2381,393,1328,205,798,358,6278,1699,2438,1496
SZ,000001,2019-06-10 09:46:45,12.0900,31,756672.0000,626,B,12.0800,12.0700,12.0600,12.0500,12.0400,12.0900,12.1000,12.1100,12.1200,12.1300,2220,369,1328,205,798,67,6386,1699,2438,1485
SZ,000001,2019-06-10 09:46:48,12.0900,5,91872.0000,76,B,12.0800,12.0700,12.0600,12.0500,12.0400,12.0900,12.1000,12.1100,12.1200,12.1300,2321,369,1328,205,804,5,6389,1689,2438,1485
SZ,000001,2019-06-10 09:46:51,12.0900,3,18144.0000,15,B,12.0800,12.0700,12.0600,12.0500,12.0400,12.0900,12.1000,12.1100,12.1200,12.1300,2329,380,1328,205,804,25,6379,1685,2438,1485
SZ,000001,2019-06-10 09:46:54,12.0900,16,251456.0000,208,B,12.0900,12.0800,12.0700,12.0600,12.0500,12.1000,12.1100,12.1200,12.1300,12.1400,203,2369,380,1328,205,6399,1685,2440,1485,3082
SZ,000001,2019-06-10 09:46:57,12.0800,51,3264000.0000,2702,S,12.0700,12.0600,12.0500,12.0400,12.0300,12.0800,12.1000,12.1100,12.1200,12.1300,380,1328,205,804,1078,495,6469,1685,2440,1885
SZ,000001,2019-06-10 09:47:00,12.0800,7,490448.0000,406,B,12.0700,12.0600,12.0500,12.0400,12.0300,12.0800,12.0900,12.1000,12.1100,12.1200,383,1328,205,805,1078,99,31,6487,1685,2440
SZ,000001,2019-06-10 09:47:03,12.0800,19,426576.0000,353,B,12.0800,12.0700,12.0600,12.0500,12.0400,12.0900,12.1000,12.1100,12.1200,12.1300,320,455,1328,205,805,125,6150,1687,2440,1885
SZ,000001,2019-06-10 09:47:06,12.0900,6,205488.0000,170,B,12.0800,12.0700,12.0600,12.0500,12.0400,12.0900,12.1000,12.1100,12.1200,12.1300,341,455,1328,205,805,123,6143,1700,2422,1885
SZ,000001,2019-06-10 09:47:09,12.0800,3,15696.0000,13,S,12.0800,12.0700,12.0600,12.0500,12.0400,12.0900,12.1000,12.1100,12.1200,12.1300,347,393,1328,205,805,237,6156,1700,2422,1885
SZ,000001,2019-06-10 09:47:12,12.0800,7,146272.0000,121,S,12.0800,12.0700,12.0600,12.0500,12.0400,12.0900,12.1000,12.1100,12.1200,12.1300,354,393,1328,205,793,210,6432,1700,2422,1885
SZ,000001,2019-06-10 09:47:15,12.0900,7,96672.0000,80,B,12.0800,12.0700,12.0600,12.0500,12.0400,12.0900,12.1000,12.1100,12.1200,12.1300,315,393,1336,205,792,321,6452,1700,2444,1885
SZ,000001,2019-06-10 09:47:18,12.0800,6,131696.0000,109,S,12.0800,12.0700,12.0600,12.0500,12.0400,12.0900,12.1000,12.1100,12.1200,12.1300,239,393,1336,205,788,345,6457,1704,2444,1885
SZ,000001,2019-06-10 09:47:21,12.0800,14,541184.0000,448,S,12.0700,12.0600,12.0500,12.0400,12.0300,12.0800,12.0900,12.1000,12.1100,12.1200,393,1336,205,788,1004,1602,777,6494,1706,2504
SZ,000001,2019-06-10 09:47:24,12.0700,25,512976.0000,425,S,12.0600,12.0500,12.0400,12.0300,12.0200,12.0700,12.0800,12.0900,12.1000,12.1100,1336,205,818,1004,549,44,1659,809,6488,1706
SZ,000001,2019-06-10 09:47:27,12.0600,6,70000.0000,58,S,12.0600,12.0500,12.0400,12.0300,12.0200,12.0700,12.0800,12.0900,12.1000,12.1100,1324,255,859,1004,549,97,1659,745,6559,1706
SZ,000001,2019-06-10 09:47:30,12.0700,9,178640.0000,148,B,12.0700,12.0600,12.0500,12.0400,12.0300,12.0800,12.0900,12.1000,12.1100,12.1200,60,1324,255,859,1004,1681,775,6222,1706,2508
SZ,000001,2019-06-10 09:47:33,12.0700,7,257088.0000,213,S,12.0700,12.0600,12.0500,12.0400,12.0300,12.0800,12.0900,12.1000,12.1100,12.1200,175,1324,255,859,1004,1796,795,6222,1706,2518
SZ,000001,2019-06-10 09:47:39,12.0700,2,51920.0000,43,S,12.0700,12.0600,12.0500,12.0400,12.0300,12.0800,12.0900,12.1000,12.1100,12.1200,234,1324,305,865,1014,1788,808,6246,1686,2518
SZ,000001,2019-06-10 09:47:42,12.0800,2,15696.0000,13,B,12.0700,12.0600,12.0500,12.0400,12.0300,12.0800,12.0900,12.1000,12.1100,12.1200,255,1324,305,898,1014,1778,810,6301,1686,2548
SZ,000001,2019-06-10 09:47:45,12.0700,1,1200.0000,1,S,12.0700,12.0600,12.0500,12.0400,12.0300,12.0800,12.0900,12.1000,12.1100,12.1200,575,1324,305,898,1014,1778,908,6301,1686,2548
SZ,000001,2019-06-10 09:47:48,12.0700,2,92944.0000,77,S,12.0700,12.0600,12.0500,12.0400,12.0300,12.0800,12.0900,12.1000,12.1100,12.1200,522,1324,305,898,1014,1735,1208,6298,1686,2557
SZ,000001,2019-06-10 09:47:51,12.0800,2,49504.0000,41,B,12.0700,12.0600,12.0500,12.0400,12.0300,12.0800,12.0900,12.1000,12.1100,12.1200,696,1324,305,898,1014,1701,1210,6298,1634,2557
SZ,000001,2019-06-10 09:47:54,12.0700,5,303216.0000,251,S,12.0700,12.0600,12.0500,12.0400,12.0300,12.0800,12.0900,12.1000,12.1100,12.1200,693,1324,305,905,1014,1468,1416,6294,1634,2557
SZ,000001,2019-06-10 09:47:57,12.0800,1,8448.0000,7,B,12.0700,12.0600,12.0500,12.0400,12.0300,12.0800,12.0900,12.1000,12.1100,12.1200,687,1324,305,905,1014,1461,1416,6294,1634,2557
SZ,000001,2019-06-10 09:48:00,12.0800,4,1263552.0000,1046,B,12.0700,12.0600,12.0500,12.0400,12.0300,12.0800,12.0900,12.1000,12.1100,12.1200,1169,1324,305,905,1014,489,1413,6394,1634,2557
SZ,000001,2019-06-10 09:48:03,12.0800,5,140112.0000,116,B,12.0700,12.0600,12.0500,12.0400,12.0300,12.0800,12.0900,12.1000,12.1100,12.1200,1216,1324,305,905,1014,387,1397,6394,1631,2646
SZ,000001,2019-06-10 09:48:06,12.0800,26,532704.0000,441,B,12.0800,12.0700,12.0600,12.0500,12.0400,12.0900,12.1000,12.1100,12.1200,12.1300,468,1486,1324,305,905,1397,6394,1571,2639,1885
SZ,000001,2019-06-10 09:48:09,12.0800,35,1471360.0000,1217,S,12.0800,12.0700,12.0600,12.0500,12.0400,12.0900,12.1000,12.1100,12.1200,12.1300,494,1478,1324,305,905,182,6926,1571,2654,1888
SZ,000001,2019-06-10 09:48:12,12.0900,12,490848.0000,406,B,12.0900,12.0800,12.0700,12.0600,12.0500,12.1000,12.1100,12.1200,12.1300,12.1400,10,521,1478,1324,310,6926,1571,2654,1888,3087
SZ,000001,2019-06-10 09:48:15,12.1000,21,919184.0000,761,B,12.0800,12.0700,12.0600,12.0500,12.0400,12.1000,12.1100,12.1200,12.1300,12.1400,23,1082,1327,310,905,6925,1571,2654,1888,3087
SZ,000001,2019-06-10 09:48:18,12.1000,6,60480.0000,50,B,12.0800,12.0700,12.0600,12.0500,12.0400,12.1000,12.1100,12.1200,12.1300,12.1400,68,1082,1327,310,905,6948,1571,2654,1888,3087
SZ,000001,2019-06-10 09:48:21,12.0900,3,9664.0000,8,S,12.0900,12.0800,12.0700,12.0600,12.0500,12.1000,12.1100,12.1200,12.1300,12.1400,6,68,1082,1327,310,6998,1559,2654,1888,3087
SZ,000001,2019-06-10 09:48:24,12.0900,7,81072.0000,67,S,12.0900,12.0800,12.0700,12.0600,12.0500,12.1000,12.1100,12.1200,12.1300,12.1400,48,200,1082,1327,310,6915,1594,2664,1888,3087
SZ,000001,2019-06-10 09:48:27,12.0900,4,44752.0000,37,S,12.0900,12.0800,12.0700,12.0600,12.0500,12.1000,12.1100,12.1200,12.1300,12.1400,39,228,1107,1327,310,6895,1594,2664,1888,3087
SZ,000001,2019-06-10 09:48:30,12.0900,5,90672.0000,75,S,12.0800,12.0700,12.0600,12.0500,12.0400,12.0900,12.1000,12.1100,12.1200,12.1300,248,1107,1327,313,905,270,6945,1594,2664,1888
SZ,000001,2019-06-10 09:48:33,12.0900,5,102768.0000,85,B,12.0800,12.0700,12.0600,12.0500,12.0400,12.0900,12.1000,12.1100,12.1200,12.1300,778,1107,1327,308,845,191,6620,1594,2664,1888
SZ,000001,2019-06-10 09:48:36,12.0800,2,6048.0000,5,S,12.0800,12.0700,12.0600,12.0500,12.0400,12.0900,12.1000,12.1100,12.1200,12.1300,779,927,1332,308,845,269,6590,1589,2664,1888
SZ,000001,2019-06-10 09:48:39,12.0900,3,135408.0000,112,B,12.0800,12.0700,12.0600,12.0500,12.0400,12.0900,12.1000,12.1100,12.1200,12.1300,796,896,1331,370,845,204,6927,1589,2686,1888
SZ,000001,2019-06-10 09:48:42,12.0900,11,203104.0000,168,B,12.0800,12.0700,12.0600,12.0500,12.0400,12.0900,12.1000,12.1100,12.1200,12.1300,796,918,1331,370,845,57,6927,1590,2666,1888
SZ,000001,2019-06-10 09:48:45,12.0800,13,127136.0000,105,S,12.0800,12.0700,12.0600,12.0500,12.0400,12.1000,12.1100,12.1200,12.1300,12.1400,783,933,1331,370,845,6939,1600,2666,1788,3089
SZ,000001,2019-06-10 09:48:48,12.0800,2,24160.0000,20,S,12.0900,12.0800,12.0700,12.0600,12.0500,12.1000,12.1100,12.1200,12.1300,12.1400,18,783,933,1331,370,7000,1620,2676,1788,3089
SZ,000001,2019-06-10 09:48:51,12.0900,8,30240.0000,25,S,12.0900,12.0800,12.0700,12.0600,12.0500,12.1000,12.1100,12.1200,12.1300,12.1400,21,782,933,1331,370,7015,1600,2661,1788,3089
SZ,000001,2019-06-10 09:48:54,12.0800,10,102752.0000,85,S,12.0800,12.0700,12.0600,12.0500,12.0400,12.0900,12.1000,12.1100,12.1200,12.1300,798,933,1333,370,778,1990,7024,1600,2661,1788
SZ,000001,2019-06-10 09:49:00,12.0900,6,113616.0000,94,B,12.0800,12.0700,12.0600,12.0500,12.0400,12.0900,12.1000,12.1100,12.1200,12.1300,779,933,1333,415,778,1982,7011,1602,2661,1789
SZ,000001,2019-06-10 09:49:03,12.0900,13,1141280.0000,944,B,12.0800,12.0700,12.0600,12.0500,12.0400,12.0900,12.1000,12.1100,12.1200,12.1300,862,933,1333,415,778,1194,7026,1602,2666,1789
SZ,000001,2019-06-10 09:49:06,12.0900,25,1488288.0000,1231,B,12.0900,12.0800,12.0700,12.0600,12.0500,12.1000,12.1100,12.1200,12.1300,12.1400,576,895,933,1333,415,7562,1602,2666,1798,3089
SZ,000001,2019-06-10 09:49:09,12.0900,6,150032.0000,124,S,12.0900,12.0800,12.0700,12.0600,12.0500,12.1000,12.1100,12.1200,12.1300,12.1400,572,924,933,1333,415,7761,1602,2666,1813,3009
SZ,000001,2019-06-10 09:49:12,12.0900,4,50784.0000,42,S,12.0900,12.0800,12.0700,12.0600,12.0500,12.1000,12.1100,12.1200,12.1300,12.1400,578,929,933,1333,415,7797,1607,2666,1813,3009
SZ,000001,2019-06-10 09:49:15,12.0900,1,6032.0000,5,S,12.0900,12.0800,12.0700,12.0600,12.0500,12.1000,12.1100,12.1200,12.1300,12.1400,964,929,933,1333,1435,7797,1607,2666,1813,3019
SZ,000001,2019-06-10 09:49:18,12.0900,4,94336.0000,78,S,12.0900,12.0800,12.0700,12.0600,12.0500,12.1000,12.1100,12.1200,12.1300,12.1400,919,929,933,1333,1430,7772,1607,2656,1823,3009
SZ,000001,2019-06-10 09:49:21,12.0900,6,49568.0000,41,S,12.0900,12.0800,12.0700,12.0600,12.0500,12.1000,12.1100,12.1200,12.1300,12.1400,892,929,933,1333,1430,7815,1607,2656,1823,3009
SZ,000001,2019-06-10 09:49:24,12.1000,138,5149680.0000,4256,B,12.0900,12.0800,12.0700,12.0600,12.0500,12.1000,12.1100,12.1200,12.1300,12.1400,832,928,933,1333,1430,3729,1507,2646,1823,2999
SZ,000001,2019-06-10 09:49:27,12.0900,7,537216.0000,444,S,12.0900,12.0800,12.0700,12.0600,12.0500,12.1000,12.1100,12.1200,12.1300,12.1400,502,942,986,1333,1430,3323,1512,2646,1823,2999
SZ,000001,2019-06-10 09:49:30,12.1000,14,420800.0000,348,B,12.0900,12.0800,12.0700,12.0600,12.0500,12.1000,12.1100,12.1200,12.1300,12.1400,299,942,987,1396,1430,2929,1502,2646,1823,2999
SZ,000001,2019-06-10 09:49:33,12.1000,6,140336.0000,116,B,12.0900,12.0800,12.0700,12.0600,12.0500,12.1000,12.1100,12.1200,12.1300,12.1400,468,942,986,1396,1430,3227,1527,2648,1823,2999
SZ,000001,2019-06-10 09:49:36,12.1000,112,5282496.0000,4365,B,12.1000,12.0900,12.0800,12.0700,12.0600,12.1100,12.1200,12.1300,12.1400,12.1500,346,389,942,986,1396,547,2648,1823,2999,8406
SZ,000001,2019-06-10 09:49:39,12.1000,5,37536.0000,31,S,12.1000,12.0900,12.0800,12.0700,12.0600,12.1100,12.1200,12.1300,12.1400,12.1500,295,381,942,986,1396,494,2652,1823,2999,8406
SZ,000001,2019-06-10 09:49:42,12.1100,3,280720.0000,232,B,12.1000,12.0900,12.0800,12.0700,12.0600,12.1100,12.1200,12.1300,12.1400,12.1500,238,379,922,986,1396,483,2559,1823,2999,8406
SZ,000001,2019-06-10 09:49:45,12.1000,19,359408.0000,297,S,12.1000,12.0900,12.0800,12.0700,12.0600,12.1100,12.1200,12.1300,12.1400,12.1500,8,379,922,961,1396,440,2574,1797,2999,8406
SZ,000001,2019-06-10 09:49:48,12.1100,85,1349424.0000,1114,B,12.1000,12.0900,12.0800,12.0700,12.0600,12.1100,12.1200,12.1300,12.1400,12.1500,484,366,922,961,1396,6,2065,1797,2999,8406
SZ,000001,2019-06-10 09:49:51,12.1100,60,1642240.0000,1355,B,12.1100,12.1000,12.0900,12.0800,12.0700,12.1200,12.1300,12.1400,12.1500,12.1600,52,809,365,442,461,729,1797,3020,8416,2490
SZ,000001,2019-06-10 09:49:54,12.1100,13,272464.0000,225,S,12.1100,12.1000,12.0900,12.0800,12.0700,12.1200,12.1300,12.1400,12.1500,12.1600,54,824,365,442,461,743,1787,3015,8421,2490
SZ,000001,2019-06-10 09:49:57,12.1200,5,73936.0000,61,B,12.1100,12.1000,12.0900,12.0800,12.0700,12.1200,12.1300,12.1400,12.1500,12.1600,79,824,365,442,461,684,1387,3025,8421,2490
SZ,000001,2019-06-10 09:50:00,12.1100,13,93264.0000,77,S,12.1100,12.1000,12.0900,12.0800,12.0700,12.1200,12.1300,12.1400,12.1500,12.1600,115,825,365,442,461,687,1387,3025,8421,2520
SZ,000001,2019-06-10 09:50:03,12.1200,45,872592.0000,720,B,12.1200,12.1100,12.1000,12.0900,12.0800,12.1300,12.1400,12.1500,12.1600,12.1700,99,148,825,365,504,1417,3030,8418,2532,671
SZ,000001,2019-06-10 09:50:06,12.1200,12,825760.0000,682,S,12.1200,12.1100,12.1000,12.0900,12.0800,12.1300,12.1400,12.1500,12.1600,12.1700,16,20,481,365,495,1433,3088,8441,2532,671
SZ,000001,2019-06-10 09:50:09,12.1200,7,209664.0000,173,S,12.1100,12.1000,12.0900,12.0800,12.0700,12.1200,12.1300,12.1400,12.1500,12.1600,14,404,365,495,461,483,1463,3088,8419,2595
SZ,000001,2019-06-10 09:50:12,12.1200,6,179360.0000,148,B,12.1100,12.1000,12.0900,12.0800,12.0700,12.1200,12.1300,12.1400,12.1500,12.1600,49,413,365,496,461,380,1469,3058,8410,2595
SZ,000001,2019-06-10 09:50:15,12.1100,10,123536.0000,102,S,12.1100,12.1000,12.0900,12.0800,12.0700,12.1200,12.1300,12.1400,12.1500,12.1600,934,371,365,496,461,586,1459,3096,8488,2605
SZ,000001,2019-06-10 09:50:18,12.1100,12,534464.0000,441,S,12.1100,12.1000,12.0900,12.0800,12.0700,12.1200,12.1300,12.1400,12.1500,12.1600,918,236,365,496,461,196,1488,3117,8488,2605
SZ,000001,2019-06-10 09:50:21,12.1100,5,100592.0000,83,S,12.1100,12.1000,12.0900,12.0800,12.0700,12.1200,12.1300,12.1400,12.1500,12.1600,917,239,365,506,441,414,1488,3137,8488,2605
SZ,000001,2019-06-10 09:50:24,12.1100,12,252032.0000,208,S,12.1100,12.1000,12.0900,12.0800,12.0700,12.1200,12.1300,12.1400,12.1500,12.1600,929,244,365,526,441,293,1496,3242,8508,2605
SZ,000001,2019-06-10 09:50:27,12.1200,9,147792.0000,122,B,12.1100,12.1000,12.0900,12.0800,12.0700,12.1200,12.1300,12.1400,12.1500,12.1600,872,274,365,526,441,260,1509,3262,8533,2605
SZ,000001,2019-06-10 09:50:30,12.1100,50,1622608.0000,1338,S,12.1100,12.1000,12.0900,12.0800,12.0700,12.1200,12.1300,12.1400,12.1500,12.1600,827,274,365,532,441,45,543,3282,8533,2605
SZ,000001,2019-06-10 09:50:33,12.1200,17,277536.0000,229,B,12.1200,12.1100,12.1000,12.0900,12.0800,12.1300,12.1400,12.1500,12.1600,12.1700,547,839,273,365,537,580,3282,8538,2608,688
SZ,000001,2019-06-10 09:50:36,12.1200,29,1072608.0000,885,S,12.1200,12.1100,12.1000,12.0900,12.0800,12.1300,12.1400,12.1500,12.1600,12.1700,6,824,273,346,539,1228,3310,8538,2608,688
SZ,000001,2019-06-10 09:50:39,12.1200,23,647200.0000,534,S,12.1200,12.1100,12.1000,12.0900,12.0800,12.1300,12.1400,12.1500,12.1600,12.1700,572,816,283,346,539,1253,2494,8551,2608,688
SZ,000001,2019-06-10 09:50:42,12.1200,11,120000.0000,99,S,12.1200,12.1100,12.1000,12.0900,12.0800,12.1300,12.1400,12.1500,12.1600,12.1700,701,816,283,346,549,1332,2533,8560,2682,688
SZ,000001,2019-06-10 09:50:45,12.1200,49,1477424.0000,1218,S,12.1200,12.1100,12.1000,12.0900,12.0800,12.1300,12.1400,12.1500,12.1600,12.1700,1712,809,283,346,549,211,2538,8660,2682,688
SZ,000001,2019-06-10 09:50:48,12.1200,14,476336.0000,393,S,12.1200,12.1100,12.1000,12.0900,12.0800,12.1300,12.1400,12.1500,12.1600,12.1700,1514,829,283,346,549,211,2549,8646,2682,703
SZ,000001,2019-06-10 09:50:51,12.1200,5,139376.0000,115,S,12.1200,12.1100,12.1000,12.0900,12.0800,12.1300,12.1400,12.1500,12.1600,12.1700,1461,819,283,346,487,213,2558,8600,2682,703
SZ,000001,2019-06-10 09:50:54,12.1300,10,53360.0000,44,B,12.1200,12.1100,12.1000,12.0900,12.0800,12.1300,12.1400,12.1500,12.1600,12.1700,1568,819,243,346,454,221,3078,8615,2682,734
SZ,000001,2019-06-10 09:50:57,12.1200,19,231632.0000,191,S,12.1200,12.1100,12.1000,12.0900,12.0800,12.1300,12.1400,12.1500,12.1600,12.1700,1538,125,243,345,1453,120,3083,8584,2682,734
SZ,000001,2019-06-10 09:51:00,12.1200,13,98224.0000,81,S,12.1200,12.1100,12.1000,12.0900,12.0800,12.1300,12.1400,12.1500,12.1600,12.1700,1461,145,243,345,1453,111,3083,8580,2682,734
SZ,000001,2019-06-10 09:51:03,12.1300,49,2409952.0000,1988,B,12.1100,12.1000,12.0900,12.0800,12.0700,12.1300,12.1400,12.1500,12.1600,12.1700,144,243,345,1453,442,161,3696,8580,2682,734
SZ,000001,2019-06-10 09:51:06,12.1200,5,76304.0000,63,S,12.1100,12.1000,12.0900,12.0800,12.0700,12.1200,12.1300,12.1400,12.1500,12.1600,95,243,345,1453,442,38,655,3721,8568,2682
SZ,000001,2019-06-10 09:51:09,12.1100,15,197408.0000,163,S,12.1100,12.1000,12.0900,12.0800,12.0700,12.1200,12.1300,12.1400,12.1500,12.1600,143,243,345,1463,442,150,767,3776,8586,2685
SZ,000001,2019-06-10 09:51:12,12.1000,12,380208.0000,314,S,12.1000,12.0900,12.0800,12.0700,12.0600,12.1100,12.1200,12.1300,12.1400,12.1500,146,345,1463,442,533,58,237,781,4164,8615
SZ,000001,2019-06-10 09:51:15,12.1200,24,1620032.0000,1337,B,12.1100,12.1000,12.0900,12.0800,12.0700,12.1200,12.1300,12.1400,12.1500,12.1600,23,89,361,1463,442,52,1379,4144,8951,2685
SZ,000001,2019-06-10 09:51:18,12.1000,19,265248.0000,219,S,12.1000,12.0900,12.0800,12.0700,12.0600,12.1100,12.1200,12.1300,12.1400,12.1500,1084,361,1562,442,533,109,28,1389,4159,9021
SZ,000001,2019-06-10 09:51:21,12.1200,9,168336.0000,139,B,12.1100,12.1000,12.0900,12.0800,12.0700,12.1200,12.1300,12.1400,12.1500,12.1600,177,1084,361,1562,442,722,1481,4159,8997,2685
SZ,000001,2019-06-10 09:51:24,12.1100,50,2652496.0000,2188,S,12.1100,12.1000,12.0900,12.0800,12.0700,12.1200,12.1300,12.1400,12.1500,12.1600,47,1077,287,1556,442,134,516,4194,9002,2685
SZ,000001,2019-06-10 09:51:27,12.1100,7,420560.0000,347,S,12.1100,12.1000,12.0900,12.0800,12.0700,12.1200,12.1300,12.1400,12.1500,12.1600,145,1075,287,1556,442,43,720,4159,8982,2716
SZ,000001,2019-06-10 09:51:30,12.1200,10,192592.0000,159,B,12.1100,12.1000,12.0900,12.0800,12.0700,12.1200,12.1300,12.1400,12.1500,12.1600,37,1082,287,1556,442,1284,730,4189,9064,2773
SZ,000001,2019-06-10 09:51:33,12.1100,6,72704.0000,60,S,12.1100,12.1000,12.0900,12.0800,12.0700,12.1200,12.1300,12.1400,12.1500,12.1600,25,1082,287,1551,442,1346,838,4229,9069,2773
SZ,000001,2019-06-10 09:51:36,12.1100,9,106592.0000,88,S,12.1000,12.0900,12.0800,12.0700,12.0600,12.1100,12.1200,12.1300,12.1400,12.1500,1077,293,1551,442,535,28,1381,906,4209,9074
SZ,000001,2019-06-10 09:51:39,12.1100,15,524736.0000,433,B,12.1100,12.1000,12.0900,12.0800,12.0700,12.1200,12.1300,12.1400,12.1500,12.1600,55,1116,293,1551,442,1042,977,4209,9408,2761
SZ,000001,2019-06-10 09:51:42,12.0900,23,2447040.0000,2023,S,12.0800,12.0700,12.0600,12.0500,12.0400,12.0900,12.1100,12.1200,12.1300,12.1400,1808,242,535,1466,779,40,74,1204,997,4239
SZ,000001,2019-06-10 09:51:45,12.1100,25,1228000.0000,1014,B,12.1100,12.0900,12.0800,12.0700,12.0600,12.1200,12.1300,12.1400,12.1500,12.1600,1619,270,1755,242,535,1080,1065,4249,9408,2766
SZ,000001,2019-06-10 09:51:48,12.1200,12,622704.0000,514,B,12.1100,12.1000,12.0900,12.0800,12.0700,12.1200,12.1300,12.1400,12.1500,12.1600,1364,5,138,1554,242,814,1077,3949,9451,2852
SZ,000001,2019-06-10 09:51:51,12.1000,10,807760.0000,667,S,12.0900,12.0800,12.0700,12.0600,12.0500,12.1000,12.1100,12.1200,12.1300,12.1400,104,1534,246,535,1466,364,163,663,1087,3935
SZ,000001,2019-06-10 09:51:54,12.1000,5,487664.0000,403,B,12.1000,12.0900,12.0800,12.0700,12.0600,12.1100,12.1200,12.1300,12.1400,12.1500,3486,102,1534,246,535,189,700,1387,3935,9543
SZ,000001,2019-06-10 09:51:57,12.1100,11,243408.0000,201,B,12.1100,12.1000,12.0900,12.0800,12.0700,12.1200,12.1300,12.1400,12.1500,12.1600,32,3624,102,1534,246,688,1417,3940,9543,2852
SZ,000001,2019-06-10 09:52:00,12.1000,7,313552.0000,259,S,12.1000,12.0900,12.0800,12.0700,12.0600,12.1100,12.1200,12.1300,12.1400,12.1500,4529,102,1654,246,535,135,999,1448,3984,9534
SZ,000001,2019-06-10 09:52:03,12.1200,10,194960.0000,161,B,12.1100,12.1000,12.0900,12.0800,12.0700,12.1200,12.1300,12.1400,12.1500,12.1600,19,4570,107,1654,346,1007,1404,3984,9634,2878
SZ,000001,2019-06-10 09:52:06,12.1100,3,44800.0000,37,S,12.1000,12.0900,12.0800,12.0700,12.0600,12.1100,12.1200,12.1300,12.1400,12.1500,4570,71,1654,346,540,229,1038,1424,3985,9631
SZ,000001,2019-06-10 09:52:09,12.1100,10,296704.0000,245,B,12.1000,12.0900,12.0800,12.0700,12.0600,12.1100,12.1200,12.1300,12.1400,12.1500,4572,71,1654,346,540,25,1089,1404,3985,9634
SZ,000001,2019-06-10 09:52:12,12.1100,11,199776.0000,165,B,12.1100,12.1000,12.0900,12.0800,12.0700,12.1200,12.1300,12.1400,12.1500,12.1600,19,4523,71,1654,346,1286,1408,4065,9634,2881
SZ,000001,2019-06-10 09:52:15,12.1100,7,90880.0000,75,S,12.1100,12.1000,12.0900,12.0800,12.0700,12.1200,12.1300,12.1400,12.1500,12.1600,6,4542,82,1654,346,1507,1428,4104,9652,2808
SZ,000001,2019-06-10 09:52:18,12.1100,62,1537936.0000,1269,S,12.1100,12.1000,12.0900,12.0800,12.0700,12.1200,12.1300,12.1400,12.1500,12.1600,15,4563,53,1654,346,400,1438,4194,9692,2826
SZ,000001,2019-06-10 09:52:21,12.1200,22,695776.0000,574,B,12.1200,12.1100,12.1000,12.0900,12.0800,12.1300,12.1400,12.1500,12.1600,12.1700,151,917,4564,53,1654,1337,4144,9708,2826,989
SZ,000001,2019-06-10 09:52:24,12.1100,13,326000.0000,269,S,12.1100,12.1000,12.0900,12.0800,12.0700,12.1200,12.1300,12.1400,12.1500,12.1600,927,4595,53,1654,346,477,1347,4159,9733,2826
SZ,000001,2019-06-10 09:52:27,12.1200,3,21808.0000,18,B,12.1100,12.1000,12.0900,12.0800,12.0700,12.1200,12.1300,12.1400,12.1500,12.1600,960,4595,53,1654,346,490,1387,4189,9738,2826
SZ,000001,2019-06-10 09:52:30,12.1100,16,691968.0000,571,S,12.1100,12.1000,12.0900,12.0800,12.0700,12.1200,12.1300,12.1400,12.1500,12.1600,877,4595,53,1654,346,195,1373,4199,9738,2823
SZ,000001,2019-06-10 09:52:33,12.1200,12,232688.0000,192,B,12.1100,12.1000,12.0900,12.0800,12.0700,12.1200,12.1300,12.1400,12.1500,12.1600,971,4604,53,1659,346,146,1429,4199,9738,2823
SZ,000001,2019-06-10 09:52:36,12.1200,25,479728.0000,396,B,12.1100,12.1000,12.0900,12.0800,12.0700,12.1200,12.1300,12.1400,12.1500,12.1600,3148,4584,53,1659,346,9,1433,4224,9738,2823
SZ,000001,2019-06-10 09:52:39,12.1200,16,220576.0000,182,B,12.1100,12.1000,12.0900,12.0800,12.0700,12.1200,12.1300,12.1400,12.1500,12.1600,3080,4584,53,1659,346,34,1511,4234,9568,2823
SZ,000001,2019-06-10 09:52:42,12.1200,8,227968.0000,188,B,12.1100,12.1000,12.0900,12.0800,12.0700,12.1200,12.1300,12.1400,12.1500,12.1600,3085,4584,53,1659,346,313,1465,4222,9573,2823
SZ,000001,2019-06-10 09:52:45,12.1200,11,397536.0000,328,B,12.1200,12.1100,12.1000,12.0900,12.0800,12.1300,12.1400,12.1500,12.1600,12.1700,15,3085,4584,42,1659,1455,4222,9563,2839,1186
SZ,000001,2019-06-10 09:52:48,12.1200,8,122416.0000,101,S,12.1100,12.1000,12.0900,12.0800,12.0700,12.1200,12.1300,12.1400,12.1500,12.1600,3085,4604,62,1657,346,28,1517,4222,9563,2839
SZ,000001,2019-06-10 09:52:51,12.1100,12,178112.0000,147,S,12.1100,12.1000,12.0900,12.0800,12.0700,12.1200,12.1300,12.1400,12.1500,12.1600,3036,4588,62,1657,346,45,1489,4228,9585,2859
SZ,000001,2019-06-10 09:52:54,12.1200,12,185344.0000,153,B,12.1200,12.1100,12.1000,12.0900,12.0800,12.1300,12.1400,12.1500,12.1600,12.1700,2,2997,4601,62,1657,1510,4209,9579,2895,1186
SZ,000001,2019-06-10 09:52:57,12.1200,6,105440.0000,87,S,12.1200,12.1100,12.1000,12.0900,12.0800,12.1300,12.1400,12.1500,12.1600,12.1700,119,2994,4601,25,1709,1590,4281,9569,2895,1186
SZ,000001,2019-06-10 09:53:00,12.1200,3,24240.0000,20,S,12.1200,12.1100,12.1000,12.0900,12.0800,12.1300,12.1400,12.1500,12.1600,12.1700,1348,2994,4601,25,1641,1730,4281,9587,2895,1186
SZ,000001,2019-06-10 09:53:03,12.1300,65,2715920.0000,2240,B,12.1200,12.1100,12.1000,12.0900,12.0800,12.1300,12.1400,12.1500,12.1600,12.1700,366,2994,4588,25,1641,823,4281,9592,2945,1186
SZ,000001,2019-06-10 09:53:06,12.1200,13,344208.0000,284,S,12.1200,12.1100,12.1000,12.0900,12.0800,12.1300,12.1400,12.1500,12.1600,12.1700,82,2608,4588,28,1641,774,4281,9592,2945,1186
SZ,000001,2019-06-10 09:53:09,12.1200,13,218144.0000,180,S,12.1100,12.1000,12.0900,12.0800,12.0700,12.1200,12.1300,12.1400,12.1500,12.1600,2582,4588,28,1641,399,67,779,4299,9624,2945
SZ,000001,2019-06-10 09:53:12,12.1200,4,50896.0000,42,B,12.1100,12.1000,12.0900,12.0800,12.0700,12.1200,12.1300,12.1400,12.1500,12.1600,2756,4588,28,1641,399,76,740,4295,9624,2945
SZ,000001,2019-06-10 09:53:18,12.1100,2,19392.0000,16,S,12.1100,12.1000,12.0900,12.0800,12.0700,12.1200,12.1300,12.1400,12.1500,12.1600,2863,4608,28,1621,399,126,999,4371,9604,2945
SZ,000001,2019-06-10 09:53:21,12.1200,8,64208.0000,53,B,12.1100,12.1000,12.0900,12.0800,12.0700,12.1200,12.1300,12.1400,12.1500,12.1600,2939,4621,28,1621,399,445,1138,4373,9614,2945
SZ,000001,2019-06-10 09:53:24,12.1200,14,556320.0000,459,B,12.1200,12.1100,12.1000,12.0900,12.0800,12.1300,12.1400,12.1500,12.1600,12.1700,1986,2950,4621,28,1621,1197,4383,9660,2945,1197
SZ,000001,2019-06-10 09:53:27,12.1200,36,761632.0000,628,S,12.1200,12.1100,12.1000,12.0900,12.0800,12.1300,12.1400,12.1500,12.1600,12.1700,1960,2843,4621,28,1621,744,4393,9699,2945,1197
SZ,000001,2019-06-10 09:53:30,12.1200,57,1387776.0000,1144,S,12.1200,12.1100,12.1000,12.0900,12.0800,12.1300,12.1400,12.1500,12.1600,12.1700,1785,2760,4621,28,1621,1,4308,9711,2945,1197
SZ,000001,2019-06-10 09:53:33,12.1400,11,214816.0000,177,B,12.1200,12.1100,12.1000,12.0900,12.0800,12.1300,12.1400,12.1500,12.1600,12.1700,2102,2604,4621,28,1621,64,4175,9731,2963,1204
SZ,000001,2019-06-10 09:53:36,12.1200,16,334784.0000,276,S,12.1200,12.1100,12.1000,12.0900,12.0800,12.1300,12.1400,12.1500,12.1600,12.1700,2270,2604,4621,28,1621,3,4158,9749,2963,1204
SZ,000001,2019-06-10 09:53:39,12.1300,9,166176.0000,137,B,12.1200,12.1100,12.1000,12.0900,12.0800,12.1300,12.1400,12.1500,12.1600,12.1700,2459,2604,4621,28,1621,187,4173,9749,2963,1204
SZ,000001,2019-06-10 09:53:42,12.1300,10,445136.0000,367,B,12.1200,12.1100,12.1000,12.0900,12.0800,12.1300,12.1400,12.1500,12.1600,12.1700,2585,2604,4621,28,1621,228,4200,9749,2963,1204
SZ,000001,2019-06-10 09:53:45,12.1300,11,424464.0000,350,B,12.1200,12.1100,12.1000,12.0900,12.0800,12.1300,12.1400,12.1500,12.1600,12.1700,2487,2604,4621,28,1621,68,4380,9725,2934,1210
SZ,000001,2019-06-10 09:53:48,12.1300,26,1686032.0000,1390,B,12.1300,12.1200,12.1100,12.1000,12.0900,12.1400,12.1500,12.1600,12.1700,12.1800,1284,2505,2604,4621,28,4390,9733,2934,1210,4698
SZ,000001,2019-06-10 09:53:51,12.1300,7,320224.0000,264,S,12.1300,12.1200,12.1100,12.1000,12.0900,12.1400,12.1500,12.1600,12.1700,12.1800,4925,2405,2639,4621,28,4450,9690,2934,1215,4688
SZ,000001,2019-06-10 09:53:54,12.1400,19,873536.0000,720,B,12.1300,12.1200,12.1100,12.1000,12.0900,12.1400,12.1500,12.1600,12.1700,12.1800,6449,2405,2639,4597,28,4328,9692,2944,1215,4688
SZ,000001,2019-06-10 09:53:57,12.1300,15,718512.0000,592,S,12.1300,12.1200,12.1100,12.1000,12.0900,12.1400,12.1500,12.1600,12.1700,12.1800,6298,2425,2639,4597,28,4004,9716,2959,1228,4688
SZ,000001,2019-06-10 09:54:00,12.1300,4,38832.0000,32,S,12.1300,12.1200,12.1100,12.1000,12.0900,12.1400,12.1500,12.1600,12.1700,12.1800,3941,2425,267,3032,28,4090,9731,2971,1240,4688
SZ,000001,2019-06-10 09:54:03,12.1300,226,7951488.0000,6548,S,12.1300,12.1200,12.1100,12.1000,12.0900,12.1400,12.1500,12.1600,12.1700,12.1800,3895,2264,267,2984,38,20,7434,2961,1240,4688
SZ,000001,2019-06-10 09:54:06,12.1400,13,618896.0000,510,B,12.1300,12.1200,12.1100,12.1000,12.0900,12.1400,12.1500,12.1600,12.1700,12.1800,4650,2264,207,2971,38,102,7421,2953,1240,4688
SZ,000001,2019-06-10 09:54:09,12.1300,65,7533472.0000,6203,S,12.1300,12.1200,12.1100,12.1000,12.0900,12.1400,12.1500,12.1600,12.1700,12.1800,3248,2264,207,2971,38,20,3000,2953,1240,4708
SZ,000001,2019-06-10 09:54:12,12.1400,6,173600.0000,143,B,12.1300,12.1200,12.1100,12.1000,12.0900,12.1400,12.1500,12.1600,12.1700,12.1800,3497,2264,207,2971,38,746,3014,2958,1240,4728
SZ,000001,2019-06-10 09:54:15,12.1400,27,1143584.0000,942,B,12.1400,12.1300,12.1200,12.1100,12.1000,12.1500,12.1600,12.1700,12.1800,12.1900,140,3555,2277,207,2971,3087,2961,1281,4718,3170
SZ,000001,2019-06-10 09:54:18,12.1300,12,333760.0000,275,S,12.1300,12.1200,12.1100,12.1000,12.0900,12.1400,12.1500,12.1600,12.1700,12.1800,3443,2277,245,2971,38,296,2813,2967,1311,4698
SZ,000001,2019-06-10 09:54:21,12.1300,12,401840.0000,331,S,12.1300,12.1200,12.1100,12.1000,12.0900,12.1400,12.1500,12.1600,12.1700,12.1800,3446,2247,245,2971,39,266,2825,2945,1357,4698
SZ,000001,2019-06-10 09:54:24,12.1300,138,3909280.0000,3218,S,12.1300,12.1200,12.1100,12.1000,12.0900,12.1400,12.1500,12.1600,12.1700,12.1800,3384,2247,245,2971,39,191,154,2945,1358,4698
SZ,000001,2019-06-10 09:54:27,12.1300,6,173456.0000,143,S,12.1300,12.1200,12.1100,12.1000,12.0900,12.1400,12.1500,12.1600,12.1700,12.1800,3253,2247,235,2971,39,449,204,2945,1358,4707
SZ,000001,2019-06-10 09:54:30,12.1400,40,2246128.0000,1851,B,12.1400,12.1300,12.1200,12.1100,12.1000,12.1500,12.1600,12.1700,12.1800,12.1900,696,2243,2147,235,2978,583,2952,1366,4707,3189
SZ,000001,2019-06-10 09:54:33,12.1400,20,717632.0000,591,S,12.1400,12.1300,12.1200,12.1100,12.1000,12.1500,12.1600,12.1700,12.1800,12.1900,370,2102,2147,187,2978,1127,2952,1376,4728,3189
SZ,000001,2019-06-10 09:54:36,12.1400,5,84976.0000,70,S,12.1400,12.1300,12.1200,12.1100,12.1000,12.1500,12.1600,12.1700,12.1800,12.1900,1115,2105,2147,187,2978,1217,2940,1400,4730,3189
SZ,000001,2019-06-10 09:54:39,12.1400,19,265872.0000,219,S,12.1400,12.1300,12.1200,12.1100,12.1000,12.1500,12.1600,12.1700,12.1800,12.1900,898,2064,2147,187,2978,1403,2950,1400,4730,3189
SZ,000001,2019-06-10 09:54:42,12.1400,16,373920.0000,308,S,12.1400,12.1300,12.1200,12.1100,12.1000,12.1500,12.1600,12.1700,12.1800,12.1900,844,2058,3147,187,3078,1499,2950,1431,4750,3189
SZ,000001,2019-06-10 09:54:45,12.1400,8,70416.0000,58,S,12.1400,12.1300,12.1200,12.1100,12.1000,12.1500,12.1600,12.1700,12.1800,12.1900,929,2058,3147,187,3098,1519,3016,1432,4760,3189
SZ,000001,2019-06-10 09:54:48,12.1400,27,1430448.0000,1178,S,12.1400,12.1300,12.1200,12.1100,12.1000,12.1500,12.1600,12.1700,12.1800,12.1900,108,2058,2893,187,3098,1368,3056,1458,4740,3189
SZ,000001,2019-06-10 09:54:51,12.1300,22,533056.0000,439,S,12.1300,12.1200,12.1100,12.1000,12.0900,12.1400,12.1500,12.1600,12.1700,12.1800,1998,2893,187,3098,65,124,1374,3037,1458,4738
SZ,000001,2019-06-10 09:54:54,12.1400,22,521024.0000,429,B,12.1300,12.1200,12.1100,12.1000,12.0900,12.1400,12.1500,12.1600,12.1700,12.1800,3037,2817,139,3098,65,12,1306,3037,1610,4748
SZ,000001,2019-06-10 09:54:57,12.1400,12,403040.0000,332,B,12.1300,12.1200,12.1100,12.1000,12.0900,12.1400,12.1500,12.1600,12.1700,12.1800,3037,2747,139,3098,65,1720,1461,3036,1410,4762
SZ,000001,2019-06-10 09:55:00,12.1400,13,1744592.0000,1438,B,12.1300,12.1200,12.1100,12.1000,12.0900,12.1400,12.1500,12.1600,12.1700,12.1800,1970,2601,139,3098,65,1744,2040,3036,1415,4762
SZ,000001,2019-06-10 09:55:03,12.1400,35,2759088.0000,2273,B,12.1400,12.1300,12.1200,12.1100,12.1000,12.1500,12.1600,12.1700,12.1800,12.1900,370,1673,2601,146,3078,2081,3044,1485,4762,3622
SZ,000001,2019-06-10 09:55:06,12.1400,34,569408.0000,469,S,12.1300,12.1200,12.1100,12.1000,12.0900,12.1400,12.1500,12.1600,12.1700,12.1800,1673,2601,146,3078,65,168,2082,3044,1535,4762
SZ,000001,2019-06-10 09:55:09,12.1400,17,588528.0000,485,B,12.1300,12.1200,12.1100,12.1000,12.0900,12.1400,12.1500,12.1600,12.1700,12.1800,1455,2601,146,3078,65,159,2165,3040,1540,4792
SZ,000001,2019-06-10 09:55:12,12.1400,49,1951408.0000,1607,B,12.1400,12.1300,12.1200,12.1100,12.1000,12.1500,12.1600,12.1700,12.1800,12.1900,3,1609,2601,146,3078,1753,3045,1544,4829,3695
SZ,000001,2019-06-10 09:55:15,12.1400,33,1223120.0000,1008,S,12.1300,12.1200,12.1100,12.1000,12.0900,12.1400,12.1500,12.1600,12.1700,12.1800,1012,2536,146,3078,65,258,1875,3060,1544,4834
SZ,000001,2019-06-10 09:55:18,12.1400,6,158928.0000,131,B,12.1300,12.1200,12.1100,12.1000,12.0900,12.1400,12.1500,12.1600,12.1700,12.1800,906,2550,146,3078,65,674,2141,3070,1554,4834
SZ,000001,2019-06-10 09:55:21,12.1400,20,461312.0000,380,B,12.1300,12.1200,12.1100,12.1000,12.0900,12.1400,12.1500,12.1600,12.1700,12.1800,894,2550,146,3078,65,1248,2360,3086,1661,4834
SZ,000001,2019-06-10 09:55:24,12.1400,15,658880.0000,543,B,12.1300,12.1200,12.1100,12.1000,12.0900,12.1400,12.1500,12.1600,12.1700,12.1800,522,2502,249,3078,65,1284,2475,3096,1661,4864
SZ,000001,2019-06-10 09:55:27,12.1300,26,690304.0000,569,S,12.1300,12.1200,12.1100,12.1000,12.0900,12.1400,12.1500,12.1600,12.1700,12.1800,212,2502,249,3078,65,1503,2430,3117,1657,5019
SZ,000001,2019-06-10 09:55:30,12.1300,11,264448.0000,218,S,12.1300,12.1200,12.1100,12.1000,12.0900,12.1400,12.1500,12.1600,12.1700,12.1800,10,2502,249,3078,62,1602,2398,3117,1687,5119
SZ,000001,2019-06-10 09:55:33,12.1300,24,1602880.0000,1321,S,12.1300,12.1200,12.1100,12.1000,12.0900,12.1400,12.1500,12.1600,12.1700,12.1800,67,2478,249,3078,62,1239,2479,3117,1717,5129
SZ,000001,2019-06-10 09:55:36,12.1300,6,124928.0000,103,S,12.1200,12.1100,12.1000,12.0900,12.0800,12.1300,12.1400,12.1500,12.1600,12.1700,2469,249,3078,62,523,426,1342,2509,3070,1717
SZ,000001,2019-06-10 09:55:39,12.1300,25,858832.0000,708,B,12.1200,12.1100,12.1000,12.0900,12.0800,12.1300,12.1400,12.1500,12.1600,12.1700,2463,249,3078,62,623,16,1560,2524,3170,1817
SZ,000001,2019-06-10 09:55:42,12.1300,18,640464.0000,528,B,12.1300,12.1200,12.1100,12.1000,12.0900,12.1400,12.1500,12.1600,12.1700,12.1800,560,2449,249,3078,62,1590,2561,3170,1929,5189
SZ,000001,2019-06-10 09:55:45,12.1300,26,605600.0000,499,S,12.1300,12.1200,12.1100,12.1000,12.0900,12.1400,12.1500,12.1600,12.1700,12.1800,395,2446,249,3079,62,1469,2596,3165,1929,5180
SZ,000001,2019-06-10 09:55:48,12.1300,35,1100576.0000,907,S,12.1200,12.1100,12.1000,12.0900,12.0800,12.1300,12.1400,12.1500,12.1600,12.1700,2441,249,3082,62,623,105,1104,2446,3165,1929
SZ,000001,2019-06-10 09:55:51,12.1400,27,798336.0000,658,B,12.1300,12.1200,12.1100,12.1000,12.0900,12.1400,12.1500,12.1600,12.1700,12.1800,2,2417,249,3082,82,1361,2516,3165,1949,5200
SZ,000001,2019-06-10 09:55:54,12.1300,19,222000.0000,183,S,12.1300,12.1200,12.1100,12.1000,12.0900,12.1400,12.1500,12.1600,12.1700,12.1800,93,2417,249,3051,82,1369,2504,3246,2456,5241
SZ,000001,2019-06-10 09:55:57,12.1300,11,1328480.0000,1096,S,12.1200,12.1100,12.1000,12.0900,12.0800,12.1300,12.1400,12.1500,12.1600,12.1700,1435,249,3056,82,618,7,1449,2504,3246,2456
SZ,000001,2019-06-10 09:56:00,12.1300,36,873664.0000,720,B,12.1200,12.1100,12.1000,12.0900,12.0800,12.1300,12.1400,12.1500,12.1600,12.1700,1435,249,3056,82,618,3,1348,2448,3256,2435
SZ,000001,2019-06-10 09:56:03,12.1200,19,200192.0000,165,S,12.1300,12.1200,12.1100,12.1000,12.0900,12.1400,12.1500,12.1600,12.1700,12.1800,22,1432,249,3056,82,1300,2441,3266,2435,5241
SZ,000001,2019-06-10 09:56:06,12.1300,19,271664.0000,224,S,12.1200,12.1100,12.1000,12.0900,12.0800,12.1300,12.1400,12.1500,12.1600,12.1700,1333,259,3086,105,618,206,1289,2554,3268,2440
SZ,000001,2019-06-10 09:56:09,12.1300,41,1730912.0000,1426,B,12.1300,12.1200,12.1100,12.1000,12.0900,12.1400,12.1500,12.1600,12.1700,12.1800,465,1333,259,3120,105,410,2514,3273,2440,5260
SZ,000001,2019-06-10 09:56:12,12.1300,8,69152.0000,57,S,12.1300,12.1200,12.1100,12.1000,12.0900,12.1400,12.1500,12.1600,12.1700,12.1800,480,1305,259,3120,105,413,2527,3273,2440,5286
SZ,000001,2019-06-10 09:56:15,12.1300,9,582240.0000,480,S,12.1200,12.1100,12.1000,12.0900,12.0800,12.1300,12.1400,12.1500,12.1600,12.1700,1305,259,3120,105,618,92,4956,2570,3273,2459
SZ,000001,2019-06-10 09:56:18,12.1300,9,248640.0000,205,B,12.1200,12.1100,12.1000,12.0900,12.0800,12.1300,12.1400,12.1500,12.1600,12.1700,1280,259,3120,105,618,241,5123,2602,3273,2459
SZ,000001,2019-06-10 09:56:21,12.1300,9,200144.0000,165,B,12.1200,12.1100,12.1000,12.0900,12.0800,12.1300,12.1400,12.1500,12.1600,12.1700,1280,279,3120,105,618,148,5151,2550,3252,2384
SZ,000001,2019-06-10 09:56:24,12.1100,40,4088864.0000,3372,S,12.1100,12.1000,12.0900,12.0800,12.0700,12.1300,12.1400,12.1500,12.1600,12.1700,259,3086,105,618,403,81,5151,2553,3252,2384
SZ,000001,2019-06-10 09:56:27,12.1200,11,134544.0000,111,B,12.1100,12.1000,12.0900,12.0800,12.0700,12.1200,12.1300,12.1400,12.1500,12.1600,246,3086,105,624,403,166,743,5296,2573,3252
SZ,000001,2019-06-10 09:56:30,12.1200,38,6093632.0000,5031,B,12.1000,12.0900,12.0800,12.0700,12.0600,12.1200,12.1300,12.1400,12.1500,12.1600,304,105,624,403,1050,1,514,5356,2521,3252
SZ,000001,2019-06-10 09:56:33,12.1200,13,391360.0000,323,B,12.1000,12.0900,12.0800,12.0700,12.0600,12.1100,12.1300,12.1400,12.1500,12.1600,355,105,619,403,1050,208,147,5432,2595,3252
SZ,000001,2019-06-10 09:56:36,12.1100,17,571328.0000,472,S,12.1100,12.1000,12.0900,12.0800,12.0700,12.1200,12.1300,12.1400,12.1500,12.1600,56,1545,105,619,403,47,216,5512,2549,3267
SZ,000001,2019-06-10 09:56:39,12.1200,68,7316384.0000,6027,B,12.1200,12.1100,12.1000,12.0900,12.0800,12.1300,12.1400,12.1500,12.1600,12.1700,33,134,1545,82,620,67,232,2682,3267,2391
SZ,000001,2019-06-10 09:56:42,12.1300,7,147808.0000,122,B,12.1200,12.1100,12.1000,12.0900,12.0800,12.1300,12.1400,12.1500,12.1600,12.1700,2,266,1545,82,620,1610,450,2776,3287,2401
SZ,000001,2019-06-10 09:56:45,12.1200,15,180640.0000,149,S,12.1200,12.1100,12.1000,12.0900,12.0800,12.1300,12.1400,12.1500,12.1600,12.1700,14,266,1515,82,619,1634,460,2766,3287,2401
SZ,000001,2019-06-10 09:56:48,12.1200,5,215584.0000,178,S,12.1100,12.1000,12.0900,12.0800,12.0700,12.1200,12.1300,12.1400,12.1500,12.1600,126,1515,83,619,429,375,1664,1519,2761,3337
SZ,000001,2019-06-10 09:56:51,12.1100,7,335584.0000,277,S,12.1100,12.1000,12.0900,12.0800,12.0700,12.1200,12.1300,12.1400,12.1500,12.1600,48,1515,103,619,429,407,1770,1536,2801,3320
SZ,000001,2019-06-10 09:56:54,12.1100,3,36352.0000,30,S,12.1100,12.1000,12.0900,12.0800,12.0700,12.1200,12.1300,12.1400,12.1500,12.1600,647,1515,103,619,414,455,1809,1608,2794,3330
SZ,000001,2019-06-10 09:56:57,12.1200,16,517280.0000,427,B,12.1100,12.1000,12.0900,12.0800,12.0700,12.1200,12.1300,12.1400,12.1500,12.1600,426,1526,102,604,426,360,1853,1708,2829,3330
SZ,000001,2019-06-10 09:57:00,12.1100,38,573248.0000,473,S,12.1100,12.1000,12.0900,12.0800,12.0700,12.1200,12.1300,12.1400,12.1500,12.1600,416,1526,102,604,426,71,1858,1738,2756,3347
SZ,000001,2019-06-10 09:57:03,12.1100,20,385504.0000,318,S,12.1100,12.1000,12.0900,12.0800,12.0700,12.1200,12.1300,12.1400,12.1500,12.1600,434,1526,102,604,426,117,1752,1703,2793,3351
SZ,000001,2019-06-10 09:57:06,12.1100,9,486848.0000,402,S,12.1100,12.1000,12.0900,12.0800,12.0700,12.1200,12.1300,12.1400,12.1500,12.1600,35,1526,102,604,446,322,1381,1753,2795,3363
SZ,000001,2019-06-10 09:57:09,12.1100,1,1216.0000,1,S,12.1100,12.1000,12.0900,12.0800,12.0700,12.1200,12.1300,12.1400,12.1500,12.1600,156,1526,102,614,453,362,1351,1763,2823,3363
SZ,000001,2019-06-10 09:57:12,12.1100,3,13312.0000,11,S,12.1100,12.1000,12.0900,12.0800,12.0700,12.1200,12.1300,12.1400,12.1500,12.1600,148,1526,202,619,453,460,1356,1763,2862,3363
SZ,000001,2019-06-10 09:57:15,12.1100,20,734304.0000,606,S,12.1100,12.1000,12.0900,12.0800,12.0700,12.1200,12.1300,12.1400,12.1500,12.1600,14,1509,202,619,453,52,1356,1763,2880,3363
SZ,000001,2019-06-10 09:57:18,12.1200,15,712480.0000,588,B,12.1100,12.1000,12.0900,12.0800,12.0700,12.1200,12.1300,12.1400,12.1500,12.1600,9,1532,202,619,453,74,1356,1893,3883,3383
SZ,000001,2019-06-10 09:57:21,12.1100,4,76320.0000,63,S,12.1100,12.1000,12.0900,12.0800,12.0700,12.1200,12.1300,12.1400,12.1500,12.1600,123,1532,202,624,453,76,1376,2663,3907,3393
SZ,000001,2019-06-10 09:57:24,12.1100,20,1266208.0000,1044,S,12.1200,12.1100,12.1000,12.0900,12.0800,12.1300,12.1400,12.1500,12.1600,12.1700,7,153,1532,202,624,456,2666,3897,3393,2393
SZ,000001,2019-06-10 09:57:27,12.1200,11,250688.0000,207,S,12.1000,12.0900,12.0800,12.0700,12.0600,12.1100,12.1200,12.1300,12.1400,12.1500,1529,202,624,453,1062,3,178,731,2674,4092
SZ,000001,2019-06-10 09:57:30,12.1000,10,85952.0000,71,S,12.1100,12.1000,12.0900,12.0800,12.0700,12.1200,12.1300,12.1400,12.1500,12.1600,510,1493,202,624,453,244,731,2664,4092,3393
SZ,000001,2019-06-10 09:57:33,12.1000,5,1152416.0000,952,S,12.1100,12.1000,12.0900,12.0800,12.0700,12.1200,12.1300,12.1400,12.1500,12.1600,92,1295,202,624,453,253,789,2669,4092,3393
SZ,000001,2019-06-10 09:57:36,12.1100,14,313728.0000,259,S,12.1000,12.0900,12.0800,12.0700,12.0600,12.1100,12.1200,12.1300,12.1400,12.1500,1179,206,624,453,1062,89,291,891,2669,4097
SZ,000001,2019-06-10 09:57:39,12.1100,8,245952.0000,203,B,12.1100,12.1000,12.0900,12.0800,12.0700,12.1200,12.1300,12.1400,12.1500,12.1600,5,1192,211,624,453,192,891,2701,4117,3302
SZ,000001,2019-06-10 09:57:42,12.1200,17,195104.0000,161,B,12.1100,12.1000,12.0900,12.0800,12.0700,12.1200,12.1300,12.1400,12.1500,12.1600,30,1185,211,624,453,44,974,2709,4411,3302
SZ,000001,2019-06-10 09:57:45,12.1200,12,109088.0000,90,B,12.1200,12.1100,12.1000,12.0900,12.0800,12.1300,12.1400,12.1500,12.1600,12.1700,116,119,1285,211,624,1044,2724,4438,3311,2393
