市场代码,证券代码,时间,最新价,成交笔数,成交额,成交量,方向,买一价,买二价,买三价,买四价,买五价,卖一价,卖二价,卖三价,卖四价,卖五价,买一量,买二量,买三量,买四量,买五量,卖一量,卖二量,卖三量,卖四量,卖五量
SZ,000001,2019-06-26 09:25:03,13.2700,336,11927156.0000,8988,S,13.2700,13.2600,13.2500,13.2400,13.2300,13.2800,13.2900,13.3000,13.3100,13.3200,560,272,513,43,36,551,2082,482,484,65
SZ,000001,2019-06-26 09:30:03,13.2500,217,10975020.0000,8277,S,13.2500,13.2200,13.2100,13.2000,13.1900,13.2600,13.2700,13.2800,13.2900,13.3000,3,61,608,818,13,95,3530,1872,2226,613
SZ,000001,2019-06-26 09:30:06,13.2600,57,1026630.0000,774,B,13.2600,13.2500,13.2300,13.2200,13.2100,13.2700,13.2800,13.2900,13.3000,13.3100,182,43,7,112,608,4148,1965,2258,616,555
SZ,000001,2019-06-26 09:30:09,13.2000,155,3405766.0000,2576,S,13.1900,13.1800,13.1700,13.1600,13.1500,13.2000,13.2600,13.2700,13.2800,13.2900,13,180,82,445,619,72,348,4007,1985,2258
SZ,000001,2019-06-26 09:30:12,13.2600,28,862054.0000,651,B,13.2600,13.2500,13.2000,13.1900,13.1800,13.2700,13.2800,13.2900,13.3000,13.3100,177,23,60,86,180,4082,1987,2258,586,555
SZ,000001,2019-06-26 09:30:15,13.2600,44,1238812.0000,934,S,13.2000,13.1900,13.1800,13.1700,13.1600,13.2600,13.2700,13.2800,13.2900,13.3000,31,24,180,82,459,65,3697,1986,2256,586
SZ,000001,2019-06-26 09:30:18,13.2500,19,262242.0000,198,S,13.2300,13.2100,13.2000,13.1900,13.1800,13.2500,13.2600,13.2700,13.2800,13.2900,31,1,239,24,190,43,828,3542,1967,2256
SZ,000001,2019-06-26 09:30:21,13.2500,7,74176.0000,56,B,13.2300,13.2100,13.2000,13.1900,13.1800,13.2500,13.2600,13.2700,13.2800,13.2900,19,48,436,29,190,22,852,3542,1952,2256
SZ,000001,2019-06-26 09:30:24,13.2500,16,283568.0000,214,B,13.2500,13.2300,13.2100,13.2000,13.1900,13.2600,13.2700,13.2800,13.2900,13.3000,49,56,53,406,29,924,3318,1952,2359,586
SZ,000001,2019-06-26 09:30:27,13.2000,38,969100.0000,733,S,13.2000,13.1900,13.1800,13.1700,13.1600,13.2600,13.2700,13.2800,13.2900,13.3000,17,29,393,82,459,1001,3316,1952,2329,586
SZ,000001,2019-06-26 09:30:30,13.2400,10,68884.0000,52,B,13.2300,13.2100,13.2000,13.1900,13.1800,13.2400,13.2500,13.2600,13.2700,13.2800,21,78,83,29,393,44,73,983,3316,1952
SZ,000001,2019-06-26 09:30:33,13.2500,25,547152.0000,413,B,13.2500,13.2300,13.2100,13.2000,13.1900,13.2600,13.2700,13.2800,13.2900,13.3000,271,3,73,52,201,956,3311,1922,2355,586
SZ,000001,2019-06-26 09:30:36,13.2000,28,1256496.0000,950,S,13.1900,13.1800,13.1700,13.1600,13.1500,13.2000,13.2400,13.2500,13.2600,13.2700,361,390,108,459,655,541,61,148,932,3269
SZ,000001,2019-06-26 09:30:39,13.2300,16,826424.0000,626,B,13.2000,13.1900,13.1800,13.1700,13.1600,13.2300,13.2400,13.2500,13.2600,13.2700,372,548,390,108,459,33,65,362,941,3243
SZ,000001,2019-06-26 09:30:42,13.2300,10,183792.0000,139,B,13.2300,13.2100,13.2000,13.1900,13.1800,13.2400,13.2500,13.2600,13.2700,13.2800,25,170,328,395,400,55,431,844,3128,1822
SZ,000001,2019-06-26 09:30:45,13.2400,25,538152.0000,407,B,13.2400,13.2300,13.2000,13.1900,13.1800,13.2500,13.2600,13.2700,13.2800,13.2900,18,61,260,361,400,501,834,3074,1822,2277
SZ,000001,2019-06-26 09:30:48,13.2300,20,294060.0000,222,S,13.2000,13.1900,13.1800,13.1700,13.1600,13.2300,13.2500,13.2600,13.2700,13.2800,464,361,399,108,459,1,500,795,3078,1822
SZ,000001,2019-06-26 09:30:51,13.2500,51,264668.0000,200,B,13.2100,13.2000,13.1900,13.1800,13.1700,13.2500,13.2600,13.2700,13.2800,13.2900,164,389,361,399,108,379,766,3077,1822,2277
SZ,000001,2019-06-26 09:30:54,13.2200,44,1395676.0000,1057,S,13.2000,13.1900,13.1800,13.1700,13.1600,13.2200,13.2400,13.2500,13.2600,13.2700,2326,371,399,108,462,65,203,420,766,3072
SZ,000001,2019-06-26 09:30:57,13.2500,46,786348.0000,594,B,13.2400,13.2300,13.2200,13.2100,13.2000,13.2500,13.2600,13.2700,13.2800,13.2900,28,1,184,108,2377,404,855,3072,1802,2277
SZ,000001,2019-06-26 09:31:00,13.2300,35,1679560.0000,1271,S,13.2300,13.2200,13.2100,13.2000,13.1900,13.2400,13.2500,13.2600,13.2700,13.2800,1,28,185,1681,371,44,249,855,3056,1802
SZ,000001,2019-06-26 09:31:03,13.2000,64,3246468.0000,2459,S,13.1900,13.1800,13.1700,13.1600,13.1500,13.2000,13.2400,13.2500,13.2600,13.2700,101,399,108,462,658,485,66,293,855,3036
SZ,000001,2019-06-26 09:31:06,13.2400,30,878252.0000,665,B,13.2300,13.2200,13.2000,13.1900,13.1800,13.2400,13.2500,13.2600,13.2700,13.2800,190,54,413,197,399,26,372,837,2984,1781
SZ,000001,2019-06-26 09:31:09,13.2400,21,524048.0000,396,B,13.2400,13.2300,13.2200,13.2000,13.1900,13.2500,13.2600,13.2700,13.2800,13.2900,13,60,72,682,137,308,1814,2969,1786,2277
SZ,000001,2019-06-26 09:31:12,13.2300,55,568228.0000,429,S,13.2000,13.1900,13.1800,13.1700,13.1600,13.2300,13.2500,13.2600,13.2700,13.2800,569,144,399,108,462,92,48,1802,2809,1786
SZ,000001,2019-06-26 09:31:15,13.2100,30,340008.0000,257,S,13.2100,13.2000,13.1900,13.1800,13.1700,13.2300,13.2400,13.2500,13.2600,13.2700,475,302,144,410,108,62,298,225,1810,2809
SZ,000001,2019-06-26 09:31:18,13.2300,31,145540.0000,110,B,13.2300,13.2200,13.2100,13.2000,13.1900,13.2400,13.2500,13.2600,13.2700,13.2800,52,36,590,981,244,350,1777,1809,2779,1783
SZ,000001,2019-06-26 09:31:21,13.2300,28,268712.0000,203,S,13.2300,13.2200,13.2100,13.2000,13.1900,13.2400,13.2500,13.2600,13.2700,13.2800,244,5,566,314,246,206,1777,1810,2717,1587
SZ,000001,2019-06-26 09:31:24,13.2300,32,501748.0000,379,S,13.2300,13.2200,13.2100,13.2000,13.1900,13.2500,13.2600,13.2700,13.2800,13.2900,216,5,94,334,261,1766,1805,2717,1587,2267
SZ,000001,2019-06-26 09:31:27,13.2400,11,63564.0000,48,B,13.2400,13.2300,13.2200,13.2100,13.2000,13.2500,13.2600,13.2700,13.2800,13.2900,117,201,82,94,334,1753,1805,2686,1580,2267
SZ,000001,2019-06-26 09:31:30,13.2400,61,2859084.0000,2158,S,13.2400,13.2300,13.2200,13.2100,13.2000,13.2600,13.2700,13.2800,13.2900,13.3000,15,134,82,94,320,1879,2626,1580,2267,739
SZ,000001,2019-06-26 09:31:33,13.2600,19,567488.0000,428,B,13.2400,13.2300,13.2200,13.2100,13.2000,13.2600,13.2700,13.2800,13.2900,13.3000,121,134,82,473,320,1508,2626,1580,2267,739
SZ,000001,2019-06-26 09:31:36,13.2600,29,1942596.0000,1465,B,13.2600,13.2500,13.2400,13.2300,13.2200,13.2700,13.2800,13.2900,13.3000,13.3100,352,46,328,29,82,2594,1580,2267,747,623
SZ,000001,2019-06-26 09:31:39,13.2600,62,3070444.0000,2314,S,13.2600,13.2500,13.2400,13.2300,13.2200,13.2700,13.2800,13.2900,13.3000,13.3100,217,24,349,29,82,521,1584,2230,745,623
SZ,000001,2019-06-26 09:31:42,13.2700,46,916928.0000,691,B,13.2700,13.2600,13.2500,13.2400,13.2300,13.2800,13.2900,13.3000,13.3100,13.3200,31,336,74,201,29,1538,2230,745,623,529
SZ,000001,2019-06-26 09:31:45,13.2800,46,1444484.0000,1088,B,13.2700,13.2600,13.2500,13.2400,13.2300,13.2800,13.2900,13.3000,13.3100,13.3200,4,130,77,210,29,820,2230,745,623,529
SZ,000001,2019-06-26 09:31:48,13.2800,14,306664.0000,231,B,13.2700,13.2600,13.2500,13.2400,13.2300,13.2800,13.2900,13.3000,13.3100,13.3200,156,45,76,202,29,1317,2230,755,623,529
SZ,000001,2019-06-26 09:31:51,13.2800,22,359848.0000,271,B,13.2700,13.2600,13.2500,13.2400,13.2300,13.2800,13.2900,13.3000,13.3100,13.3200,117,45,76,193,29,1068,2230,765,623,529
SZ,000001,2019-06-26 09:31:54,13.2800,15,173932.0000,131,B,13.2700,13.2600,13.2500,13.2400,13.2300,13.2800,13.2900,13.3000,13.3100,13.3200,143,45,81,196,114,1043,2230,765,623,529
SZ,000001,2019-06-26 09:31:57,13.2700,26,303964.0000,229,S,13.2600,13.2500,13.2400,13.2300,13.2200,13.2700,13.2800,13.2900,13.3000,13.3100,45,108,196,114,12,283,1153,2127,765,623
SZ,000001,2019-06-26 09:32:00,13.2700,15,321132.0000,242,B,13.2600,13.2500,13.2400,13.2300,13.2200,13.2700,13.2800,13.2900,13.3000,13.3100,190,108,196,118,8,200,1030,2091,779,623
SZ,000001,2019-06-26 09:32:03,13.2700,11,100852.0000,76,B,13.2600,13.2500,13.2400,13.2300,13.2200,13.2700,13.2800,13.2900,13.3000,13.3100,387,108,196,118,8,173,1373,2091,772,623
SZ,000001,2019-06-26 09:32:06,13.2700,27,184448.0000,139,B,13.2600,13.2500,13.2400,13.2300,13.2200,13.2700,13.2800,13.2900,13.3000,13.3100,650,78,191,118,8,98,1388,2091,797,623
SZ,000001,2019-06-26 09:32:09,13.2700,29,318432.0000,240,B,13.2600,13.2500,13.2400,13.2300,13.2200,13.2700,13.2800,13.2900,13.3000,13.3100,604,83,191,118,10,51,1416,2091,789,623
SZ,000001,2019-06-26 09:32:12,13.2700,12,161908.0000,122,B,13.2700,13.2600,13.2500,13.2400,13.2300,13.2800,13.2900,13.3000,13.3100,13.3200,520,604,83,194,118,1353,2091,789,623,545
SZ,000001,2019-06-26 09:32:15,13.2700,14,311908.0000,235,S,13.2700,13.2600,13.2500,13.2400,13.2300,13.2800,13.2900,13.3000,13.3100,13.3200,492,355,96,194,118,1290,2091,789,623,471
SZ,000001,2019-06-26 09:32:18,13.2800,10,62396.0000,47,B,13.2700,13.2600,13.2500,13.2400,13.2300,13.2800,13.2900,13.3000,13.3100,13.3200,600,384,96,194,118,1498,2091,789,623,471
SZ,000001,2019-06-26 09:32:21,13.2700,19,491028.0000,370,S,13.2700,13.2600,13.2500,13.2400,13.2300,13.2800,13.2900,13.3000,13.3100,13.3200,280,384,96,194,118,1501,2091,789,623,471
SZ,000001,2019-06-26 09:32:24,13.2700,33,834512.0000,629,S,13.2600,13.2500,13.2400,13.2300,13.2200,13.2700,13.2800,13.2900,13.3000,13.3100,191,96,204,118,33,188,1465,2091,789,623
SZ,000001,2019-06-26 09:32:27,13.2700,13,254772.0000,192,B,13.2600,13.2500,13.2400,13.2300,13.2200,13.2700,13.2800,13.2900,13.3000,13.3100,244,122,204,118,33,506,1624,2091,789,583
SZ,000001,2019-06-26 09:32:30,13.2700,24,525288.0000,396,B,13.2600,13.2500,13.2400,13.2300,13.2200,13.2700,13.2800,13.2900,13.3000,13.3100,43,122,204,118,63,333,1656,2091,789,583
SZ,000001,2019-06-26 09:32:33,13.2600,16,167128.0000,126,S,13.2500,13.2400,13.2300,13.2200,13.2100,13.2600,13.2700,13.2800,13.2900,13.3000,122,204,118,113,548,9,442,1652,2091,789
SZ,000001,2019-06-26 09:32:36,13.2600,11,103484.0000,78,B,13.2500,13.2400,13.2300,13.2200,13.2100,13.2600,13.2700,13.2800,13.2900,13.3000,124,181,118,113,548,238,480,1658,2091,789
SZ,000001,2019-06-26 09:32:39,13.2600,10,144488.0000,109,B,13.2500,13.2400,13.2300,13.2200,13.2100,13.2600,13.2700,13.2800,13.2900,13.3000,206,181,118,213,548,193,512,1811,2086,789
SZ,000001,2019-06-26 09:32:42,13.2600,11,174984.0000,132,B,13.2500,13.2400,13.2300,13.2200,13.2100,13.2600,13.2700,13.2800,13.2900,13.3000,160,181,110,213,548,102,529,1831,2086,789
SZ,000001,2019-06-26 09:32:45,13.2600,6,31824.0000,24,B,13.2500,13.2400,13.2300,13.2200,13.2100,13.2600,13.2700,13.2800,13.2900,13.3000,240,181,110,216,551,87,596,1831,2086,793
SZ,000001,2019-06-26 09:32:48,13.2600,49,1437224.0000,1086,B,13.2500,13.2100,13.2000,13.1900,13.1800,13.2600,13.2700,13.2800,13.2900,13.3000,11,551,1808,669,436,199,636,1851,2086,1236
SZ,000001,2019-06-26 09:32:51,13.2500,26,503744.0000,380,S,13.2100,13.2000,13.1900,13.1800,13.1700,13.2500,13.2600,13.2700,13.2800,13.2900,551,1808,669,436,130,4,88,473,1871,2080
SZ,000001,2019-06-26 09:32:54,13.2500,11,90100.0000,68,B,13.2200,13.2100,13.2000,13.1900,13.1800,13.2500,13.2600,13.2700,13.2800,13.2900,40,680,1809,669,436,31,9,473,1977,2080
SZ,000001,2019-06-26 09:32:57,13.2600,10,102072.0000,77,B,13.2600,13.2500,13.2300,13.2200,13.2100,13.2700,13.2800,13.2900,13.3000,13.3100,568,46,49,22,649,478,1982,2080,1236,583
SZ,000001,2019-06-26 09:33:00,13.2600,3,152492.0000,115,S,13.2600,13.2500,13.2300,13.2200,13.2100,13.2700,13.2800,13.2900,13.3000,13.3100,526,52,3,270,660,533,1982,2080,1236,583
SZ,000001,2019-06-26 09:33:03,13.2500,31,909632.0000,686,S,13.2300,13.2200,13.2100,13.2000,13.1900,13.2500,13.2700,13.2800,13.2900,13.3000,3,1,660,1815,672,384,468,1982,2080,1236
SZ,000001,2019-06-26 09:33:06,13.2600,14,600268.0000,453,B,13.2600,13.2500,13.2400,13.2300,13.2200,13.2700,13.2800,13.2900,13.3000,13.3100,8,20,42,35,71,468,1982,239,1236,583
SZ,000001,2019-06-26 09:33:09,13.2600,10,192304.0000,145,S,13.2600,13.2500,13.2300,13.2200,13.2100,13.2700,13.2800,13.2900,13.3000,13.3100,61,21,3,72,2660,404,1982,239,1236,583
SZ,000001,2019-06-26 09:33:12,13.2300,16,169708.0000,128,S,13.2500,13.2300,13.2200,13.2100,13.2000,13.2600,13.2700,13.2800,13.2900,13.3000,1,1,72,2660,1868,65,396,2022,239,1236
SZ,000001,2019-06-26 09:33:15,13.2700,14,129948.0000,98,B,13.2500,13.2300,13.2200,13.2100,13.2000,13.2700,13.2800,13.2900,13.3000,13.3100,48,17,105,2660,1869,404,2022,239,1236,583
SZ,000001,2019-06-26 09:33:18,13.2600,1,2652.0000,2,S,13.2500,13.2300,13.2200,13.2100,13.2000,13.2600,13.2700,13.2800,13.2900,13.3000,78,22,112,2660,1869,145,408,1802,239,1227
SZ,000001,2019-06-26 09:33:21,13.2600,6,58344.0000,44,B,13.2500,13.2300,13.2200,13.2100,13.2000,13.2600,13.2700,13.2800,13.2900,13.3000,80,46,112,2660,1869,152,401,1802,529,1227
SZ,000001,2019-06-26 09:33:24,13.2600,16,245232.0000,185,B,13.2500,13.2300,13.2200,13.2100,13.2000,13.2600,13.2700,13.2800,13.2900,13.3000,129,46,117,2663,1880,58,401,1804,529,1227
SZ,000001,2019-06-26 09:33:27,13.2600,24,78236.0000,59,B,13.2500,13.2300,13.2200,13.2100,13.2000,13.2600,13.2700,13.2800,13.2900,13.3000,169,48,126,2663,1880,126,417,1804,547,1227
SZ,000001,2019-06-26 09:33:30,13.2500,40,747908.0000,564,S,13.2300,13.2200,13.2100,13.2000,13.1900,13.2500,13.2600,13.2700,13.2800,13.2900,76,638,2663,1880,169,1660,200,236,1792,547
SZ,000001,2019-06-26 09:33:33,13.2500,20,1154064.0000,871,B,13.2400,13.2300,13.2200,13.2100,13.2000,13.2500,13.2600,13.2700,13.2800,13.2900,375,120,651,2663,1910,1003,200,192,1792,547
SZ,000001,2019-06-26 09:33:36,13.2600,42,2125456.0000,1604,B,13.2600,13.2500,13.2400,13.2300,13.2200,13.2700,13.2800,13.2900,13.3000,13.3100,13,1939,267,194,661,130,1792,547,1225,583
SZ,000001,2019-06-26 09:33:39,13.2700,44,1428288.0000,1076,B,13.2700,13.2600,13.2500,13.2400,13.2300,13.2800,13.2900,13.3000,13.3100,13.3200,32,60,1553,204,199,1123,547,1225,583,475
SZ,000001,2019-06-26 09:33:42,13.2900,67,1763128.0000,1328,B,13.2800,13.2700,13.2500,13.2400,13.2300,13.2900,13.3000,13.3100,13.3200,13.3300,10,93,950,102,209,443,1225,583,475,706
SZ,000001,2019-06-26 09:33:45,13.2800,25,510280.0000,384,S,13.2800,13.2700,13.2600,13.2500,13.2400,13.2900,13.3000,13.3100,13.3200,13.3300,41,104,1,953,102,125,1225,583,475,706
SZ,000001,2019-06-26 09:33:48,13.3000,11,182072.0000,137,B,13.2800,13.2700,13.2600,13.2500,13.2400,13.3000,13.3100,13.3200,13.3300,13.3400,152,14,201,1033,102,1221,583,475,706,308
SZ,000001,2019-06-26 09:33:51,13.3000,8,254032.0000,191,B,13.2900,13.2800,13.2700,13.2600,13.2500,13.3000,13.3100,13.3200,13.3300,13.3400,260,154,14,209,1033,1229,583,475,756,308
SZ,000001,2019-06-26 09:33:54,13.3000,42,768696.0000,578,B,13.2900,13.2800,13.2700,13.2600,13.2500,13.3000,13.3100,13.3200,13.3300,13.3400,520,366,20,218,1033,697,583,469,756,308
SZ,000001,2019-06-26 09:33:57,13.3000,44,1045328.0000,786,S,13.3000,13.2900,13.2800,13.2700,13.2600,13.3100,13.3200,13.3300,13.3400,13.3500,47,695,329,41,219,204,469,776,598,1483
SZ,000001,2019-06-26 09:34:00,13.3200,29,370048.0000,278,B,13.3100,13.3000,13.2900,13.2800,13.2700,13.3200,13.3300,13.3400,13.3500,13.3600,62,1342,578,827,41,423,676,598,1515,127
SZ,000001,2019-06-26 09:34:03,13.3100,34,708624.0000,532,S,13.3100,13.3000,13.2900,13.2800,13.2700,13.3300,13.3400,13.3500,13.3600,13.3700,450,1278,485,825,41,668,517,1515,127,234
SZ,000001,2019-06-26 09:34:06,13.3300,14,511864.0000,384,B,13.3200,13.3100,13.3000,13.2900,13.2800,13.3300,13.3400,13.3500,13.3600,13.3700,175,379,1209,490,825,243,547,1516,127,234
SZ,000001,2019-06-26 09:34:09,13.3300,35,642280.0000,482,B,13.3200,13.3100,13.3000,13.2900,13.2800,13.3300,13.3400,13.3500,13.3600,13.3700,181,259,1209,485,811,50,858,1214,627,234
SZ,000001,2019-06-26 09:34:12,13.3300,17,261080.0000,195,B,13.3300,13.3200,13.3100,13.3000,13.2900,13.3400,13.3500,13.3600,13.3700,13.3800,26,214,277,1212,385,845,1214,627,234,257
SZ,000001,2019-06-26 09:34:15,13.3300,22,510720.0000,383,S,13.3300,13.3200,13.3100,13.3000,13.2900,13.3400,13.3500,13.3600,13.3700,13.3800,162,141,297,1300,380,671,1162,627,234,257
SZ,000001,2019-06-26 09:34:18,13.3200,35,421528.0000,317,S,13.3200,13.3100,13.3000,13.2900,13.2800,13.3300,13.3400,13.3500,13.3600,13.3700,140,314,1301,380,811,24,989,1162,627,234
SZ,000001,2019-06-26 09:34:21,13.3300,30,381144.0000,286,B,13.3200,13.3100,13.3000,13.2900,13.2800,13.3300,13.3400,13.3500,13.3600,13.3700,171,314,1298,380,811,25,1066,1162,1006,234
SZ,000001,2019-06-26 09:34:24,13.3400,34,665240.0000,499,B,13.3300,13.3200,13.3100,13.3000,13.2900,13.3400,13.3500,13.3600,13.3700,13.3800,13,2,339,1284,380,865,1192,1006,524,356
SZ,000001,2019-06-26 09:34:27,13.3300,23,334632.0000,251,S,13.3200,13.3100,13.3000,13.2900,13.2800,13.3300,13.3400,13.3500,13.3600,13.3700,102,339,1286,380,789,189,822,972,1006,524
SZ,000001,2019-06-26 09:34:30,13.3300,25,530688.0000,398,B,13.3300,13.3200,13.3100,13.3000,13.2900,13.3400,13.3500,13.3600,13.3700,13.3800,46,123,335,1282,195,627,991,1006,524,356
SZ,000001,2019-06-26 09:34:33,13.3300,25,541272.0000,406,S,13.3200,13.3100,13.3000,13.2900,13.2800,13.3300,13.3400,13.3500,13.3600,13.3700,6,336,1282,195,769,76,737,991,1006,544
SZ,000001,2019-06-26 09:34:36,13.3300,49,2065328.0000,1548,B,13.3200,13.3100,13.3000,13.2900,13.2800,13.3300,13.3500,13.3600,13.3700,13.3800,53,347,1253,195,770,4,728,1006,544,356
SZ,000001,2019-06-26 09:34:39,13.3400,28,305264.0000,229,B,13.3300,13.3200,13.3100,13.3000,13.2900,13.3400,13.3500,13.3600,13.3700,13.3800,233,39,347,1253,195,404,768,1006,544,356
SZ,000001,2019-06-26 09:34:42,13.3400,14,413448.0000,310,B,13.3300,13.3200,13.3100,13.3000,13.2900,13.3400,13.3500,13.3600,13.3700,13.3800,302,222,347,1248,180,204,898,1006,544,343
SZ,000001,2019-06-26 09:34:45,13.3300,31,1293320.0000,969,S,13.3300,13.3200,13.3100,13.3000,13.2900,13.3400,13.3500,13.3600,13.3700,13.3800,351,232,357,1248,180,122,226,1204,544,393
SZ,000001,2019-06-26 09:34:48,13.3400,22,389496.0000,292,B,13.3300,13.3200,13.3100,13.3000,13.2900,13.3400,13.3500,13.3600,13.3700,13.3800,460,232,359,1258,180,206,236,1204,544,445
SZ,000001,2019-06-26 09:34:51,13.3300,19,328128.0000,246,S,13.3300,13.3200,13.3100,13.3000,13.2900,13.3400,13.3500,13.3600,13.3700,13.3800,580,241,359,1264,180,241,552,1006,544,445
SZ,000001,2019-06-26 09:34:54,13.3400,19,248096.0000,186,B,13.3300,13.3200,13.3100,13.3000,13.2900,13.3400,13.3500,13.3600,13.3700,13.3800,702,241,361,1264,180,128,546,1006,544,445
SZ,000001,2019-06-26 09:34:57,13.3400,26,222768.0000,167,B,13.3400,13.3300,13.3200,13.3100,13.3000,13.3500,13.3600,13.3700,13.3800,13.3900,21,766,241,351,1264,588,1006,544,425,600
SZ,000001,2019-06-26 09:35:00,13.3400,12,301504.0000,226,S,13.3400,13.3300,13.3200,13.3100,13.3000,13.3500,13.3600,13.3700,13.3800,13.3900,838,703,241,351,1264,870,1006,544,430,600
SZ,000001,2019-06-26 09:35:03,13.3400,22,639408.0000,479,S,13.3400,13.3300,13.3200,13.3100,13.3000,13.3500,13.3600,13.3700,13.3800,13.3900,1089,721,241,351,1251,477,1006,544,435,600
SZ,000001,2019-06-26 09:35:06,13.3500,27,441752.0000,331,B,13.3400,13.3300,13.3200,13.3100,13.3000,13.3500,13.3600,13.3700,13.3800,13.3900,1079,722,241,351,1251,532,1006,544,435,600
SZ,000001,2019-06-26 09:35:09,13.3500,15,177528.0000,133,B,13.3400,13.3300,13.3200,13.3100,13.3000,13.3500,13.3600,13.3700,13.3800,13.3900,1061,726,241,331,1286,737,1006,544,435,600
SZ,000001,2019-06-26 09:35:12,13.3500,22,640800.0000,480,B,13.3400,13.3300,13.3200,13.3100,13.3000,13.3500,13.3600,13.3700,13.3800,13.3900,901,726,241,331,1281,302,1027,544,433,600
SZ,000001,2019-06-26 09:35:15,13.3500,31,563344.0000,422,B,13.3400,13.3300,13.3200,13.3100,13.3000,13.3500,13.3600,13.3700,13.3800,13.3900,887,726,241,331,1281,26,1027,544,436,600
SZ,000001,2019-06-26 09:35:18,13.3500,15,158664.0000,118,B,13.3500,13.3400,13.3300,13.3200,13.3100,13.3600,13.3700,13.3800,13.3900,13.4000,995,898,727,241,381,1023,544,436,600,755
SZ,000001,2019-06-26 09:35:21,13.3500,14,331248.0000,248,S,13.3500,13.3400,13.3300,13.3200,13.3100,13.3600,13.3700,13.3800,13.3900,13.4000,951,832,724,244,381,861,360,751,600,755
SZ,000001,2019-06-26 09:35:24,13.3500,19,419208.0000,314,S,13.3500,13.3400,13.3300,13.3200,13.3100,13.3600,13.3700,13.3800,13.3900,13.4000,926,832,645,234,381,851,360,654,600,755
SZ,000001,2019-06-26 09:35:27,13.3600,17,297872.0000,223,B,13.3500,13.3400,13.3300,13.3200,13.3100,13.3600,13.3700,13.3800,13.3900,13.4000,869,832,617,244,381,698,360,674,600,939
SZ,000001,2019-06-26 09:35:30,13.3600,12,130920.0000,98,B,13.3500,13.3400,13.3300,13.3200,13.3100,13.3600,13.3700,13.3800,13.3900,13.4000,874,832,612,244,381,652,390,674,600,939
SZ,000001,2019-06-26 09:35:33,13.3600,3,142952.0000,107,B,13.3500,13.3400,13.3300,13.3200,13.3100,13.3600,13.3700,13.3800,13.3900,13.4000,912,832,607,274,381,585,498,674,624,1042
SZ,000001,2019-06-26 09:35:36,13.3600,14,215040.0000,161,B,13.3500,13.3400,13.3300,13.3200,13.3100,13.3600,13.3700,13.3800,13.3900,13.4000,879,326,608,274,381,453,498,674,624,1042
SZ,000001,2019-06-26 09:35:39,13.3600,15,527472.0000,395,B,13.3500,13.3400,13.3300,13.3200,13.3100,13.3600,13.3700,13.3800,13.3900,13.4000,629,326,558,274,401,312,499,674,618,1042
SZ,000001,2019-06-26 09:35:42,13.3600,39,1394120.0000,1043,B,13.3600,13.3500,13.3400,13.3300,13.3200,13.3800,13.3900,13.4000,13.4100,13.4200,406,624,326,558,274,664,622,848,208,1974
SZ,000001,2019-06-26 09:35:45,13.3600,25,728216.0000,545,S,13.3500,13.3400,13.3300,13.3200,13.3100,13.3600,13.3800,13.3900,13.4000,13.4100,417,326,558,274,401,135,662,632,854,208
SZ,000001,2019-06-26 09:35:48,13.3600,20,303384.0000,227,B,13.3600,13.3500,13.3400,13.3300,13.3200,13.3800,13.3900,13.4000,13.4100,13.4200,60,445,315,477,274,620,632,850,208,1974
SZ,000001,2019-06-26 09:35:51,13.3500,50,913520.0000,685,S,13.3400,13.3300,13.3200,13.3100,13.3000,13.3500,13.3600,13.3700,13.3800,13.3900,332,477,274,389,1285,41,25,9,634,632
SZ,000001,2019-06-26 09:35:54,13.3600,21,260352.0000,194,B,13.3500,13.3400,13.3300,13.3200,13.3100,13.3600,13.3700,13.3800,13.3900,13.4000,80,406,471,274,378,99,10,653,632,946
SZ,000001,2019-06-26 09:35:57,13.3500,16,295160.0000,221,S,13.3500,13.3400,13.3300,13.3200,13.3100,13.3600,13.3700,13.3800,13.3900,13.4000,153,349,469,274,378,6,8,779,632,953
SZ,000001,2019-06-26 09:36:00,13.3500,42,1234768.0000,923,S,13.3500,13.3400,13.3300,13.3200,13.3100,13.3700,13.3800,13.3900,13.4000,13.4100,172,364,469,274,378,8,8,932,953,251
SZ,000001,2019-06-26 09:36:03,13.3600,12,204328.0000,153,B,13.3600,13.3500,13.3400,13.3300,13.3200,13.3700,13.3800,13.3900,13.4000,13.4100,12,201,364,469,274,82,36,922,963,251
SZ,000001,2019-06-26 09:36:06,13.3700,29,779224.0000,583,B,13.3700,13.3600,13.3500,13.3400,13.3300,13.3800,13.3900,13.4000,13.4100,13.4200,8,136,122,364,469,180,913,1008,251,2017
SZ,000001,2019-06-26 09:36:09,13.3700,36,946056.0000,708,S,13.3600,13.3500,13.3400,13.3300,13.3200,13.3700,13.3800,13.3900,13.4000,13.4100,556,218,364,469,262,127,349,914,1022,261
SZ,000001,2019-06-26 09:36:12,13.3600,25,1296200.0000,970,S,13.3500,13.3400,13.3300,13.3200,13.3100,13.3600,13.3700,13.3800,13.3900,13.4000,214,366,464,262,378,98,95,578,916,1013
SZ,000001,2019-06-26 09:36:15,13.3500,42,824224.0000,618,S,13.3400,13.3300,13.3200,13.3100,13.3000,13.3500,13.3600,13.3700,13.3800,13.3900,470,464,268,378,1306,65,125,205,861,916
SZ,000001,2019-06-26 09:36:18,13.3500,24,637952.0000,478,B,13.3400,13.3300,13.3200,13.3100,13.3000,13.3500,13.3600,13.3700,13.3800,13.3900,336,464,288,362,1303,198,143,285,1042,936
SZ,000001,2019-06-26 09:36:21,13.3400,64,2100184.0000,1573,S,13.3300,13.3200,13.3100,13.3000,13.2900,13.3400,13.3500,13.3600,13.3700,13.3800,419,288,362,1308,185,1,67,243,351,1042
SZ,000001,2019-06-26 09:36:24,13.3300,20,429624.0000,322,S,13.3300,13.3200,13.3100,13.3000,13.2900,13.3600,13.3700,13.3800,13.3900,13.4000,364,288,362,1308,185,232,351,1042,946,1053
SZ,000001,2019-06-26 09:36:27,13.3600,8,109336.0000,82,B,13.3400,13.3300,13.3200,13.3100,13.3000,13.3500,13.3600,13.3700,13.3800,13.3900,16,304,288,362,1308,3,247,693,1074,946
SZ,000001,2019-06-26 09:36:30,13.3500,17,263024.0000,197,B,13.3400,13.3300,13.3200,13.3100,13.3000,13.3500,13.3600,13.3700,13.3800,13.3900,77,244,270,362,1308,168,331,700,1074,925
SZ,000001,2019-06-26 09:36:33,13.3500,32,1062088.0000,796,B,13.3300,13.3200,13.3100,13.3000,13.2900,13.3500,13.3600,13.3700,13.3800,13.3900,73,268,370,1308,185,277,510,690,1024,925
SZ,000001,2019-06-26 09:36:36,13.3400,4,44928.0000,33,S,13.3400,13.3300,13.3200,13.3100,13.3000,13.3500,13.3600,13.3700,13.3800,13.3900,33,105,298,370,1308,339,889,700,944,925
SZ,000001,2019-06-26 09:36:39,13.3400,17,193448.0000,145,S,13.3400,13.3300,13.3200,13.3100,13.3000,13.3500,13.3600,13.3700,13.3800,13.3900,1,75,298,370,1308,379,1035,1000,1046,925
SZ,000001,2019-06-26 09:36:42,13.3400,12,67160.0000,51,S,13.3400,13.3300,13.3200,13.3100,13.3000,13.3500,13.3600,13.3700,13.3800,13.3900,19,80,303,370,1308,711,1035,1055,1016,930
SZ,000001,2019-06-26 09:36:45,13.3500,14,90720.0000,68,B,13.3400,13.3300,13.3200,13.3100,13.3000,13.3500,13.3600,13.3700,13.3800,13.3900,76,79,303,370,1312,795,1035,1064,1007,930
SZ,000001,2019-06-26 09:36:48,13.3300,27,376192.0000,282,S,13.3300,13.3200,13.3100,13.3000,13.2900,13.3400,13.3500,13.3600,13.3700,13.3800,39,294,370,1315,185,299,679,1035,1054,1007
SZ,000001,2019-06-26 09:36:51,13.3300,10,226680.0000,170,S,13.3300,13.3200,13.3100,13.3000,13.2900,13.3400,13.3500,13.3600,13.3700,13.3800,20,294,370,1315,185,419,693,1035,981,1139
SZ,000001,2019-06-26 09:36:54,13.3400,19,701664.0000,526,B,13.3400,13.3300,13.3200,13.3100,13.3000,13.3500,13.3600,13.3700,13.3800,13.3900,19,116,332,370,1325,688,1146,981,1139,951
SZ,000001,2019-06-26 09:36:57,13.3400,11,177504.0000,133,S,13.3400,13.3300,13.3200,13.3100,13.3000,13.3500,13.3600,13.3700,13.3800,13.3900,337,103,332,370,1325,890,1232,986,1149,951
SZ,000001,2019-06-26 09:37:00,13.3400,11,522928.0000,392,S,13.3400,13.3300,13.3200,13.3100,13.3000,13.3500,13.3600,13.3700,13.3800,13.3900,273,104,332,374,1342,897,1252,986,1149,951
SZ,000001,2019-06-26 09:37:03,13.3400,12,1129896.0000,847,S,13.3300,13.3200,13.3100,13.3000,13.2900,13.3400,13.3500,13.3600,13.3700,13.3800,104,332,365,1342,185,2766,930,1252,988,1163
SZ,000001,2019-06-26 09:37:06,13.3400,33,899728.0000,675,B,13.3200,13.3100,13.3000,13.2900,13.2800,13.3300,13.3400,13.3500,13.3600,13.3700,97,365,1343,185,583,104,2355,948,1332,988
SZ,000001,2019-06-26 09:37:09,13.3200,28,1185904.0000,890,S,13.3100,13.3000,13.2900,13.2800,13.2700,13.3200,13.3300,13.3400,13.3500,13.3600,413,1344,185,583,15,273,38,2303,962,1332
SZ,000001,2019-06-26 09:37:12,13.3300,12,595600.0000,447,B,13.3300,13.3200,13.3100,13.3000,13.2900,13.3400,13.3500,13.3600,13.3700,13.3800,72,133,445,1344,185,2348,962,1332,988,1129
SZ,000001,2019-06-26 09:37:15,13.3100,42,1102816.0000,828,S,13.3000,13.2900,13.2800,13.2700,13.2600,13.3300,13.3400,13.3500,13.3600,13.3700,1346,185,583,17,430,1,2280,962,1346,988
SZ,000001,2019-06-26 09:37:18,13.3400,14,347992.0000,261,B,13.3100,13.3000,13.2900,13.2800,13.2700,13.3300,13.3400,13.3500,13.3600,13.3700,10,1398,215,583,17,100,2271,654,1328,977
SZ,000001,2019-06-26 09:37:21,13.3200,7,203864.0000,153,S,13.3200,13.3000,13.2900,13.2800,13.2700,13.3300,13.3400,13.3500,13.3600,13.3700,2,1425,215,583,17,86,2275,623,1328,962
SZ,000001,2019-06-26 09:37:24,13.3300,30,1889048.0000,1420,B,13.3100,13.3000,13.2900,13.2800,13.2700,13.3200,13.3300,13.3400,13.3500,13.3600,2,214,215,583,17,30,80,2279,579,1328
SZ,000001,2019-06-26 09:37:27,13.3300,21,426336.0000,320,B,13.3200,13.3100,13.3000,13.2900,13.2800,13.3300,13.3400,13.3500,13.3600,13.3700,23,262,214,215,583,28,2223,594,1228,957
SZ,000001,2019-06-26 09:37:30,13.3300,50,1390272.0000,1045,B,13.3200,13.3100,13.3000,13.2900,13.2800,13.3300,13.3400,13.3500,13.3600,13.3700,43,6,1,220,583,87,2253,561,1228,957
SZ,000001,2019-06-26 09:37:33,13.3300,27,532856.0000,400,B,13.3200,13.3000,13.2900,13.2800,13.2700,13.3300,13.3400,13.3500,13.3600,13.3700,62,202,220,583,17,124,2355,561,1228,957
SZ,000001,2019-06-26 09:37:36,13.3200,10,101248.0000,76,S,13.3200,13.3000,13.2900,13.2800,13.2700,13.3300,13.3400,13.3500,13.3600,13.3700,28,242,320,583,22,238,2235,544,1228,957
SZ,000001,2019-06-26 09:37:39,13.3200,20,456416.0000,343,S,13.2900,13.2800,13.2700,13.2600,13.2500,13.3200,13.3300,13.3400,13.3500,13.3600,252,583,22,433,246,94,280,2228,744,1258
SZ,000001,2019-06-26 09:37:42,13.2900,4,61192.0000,46,S,13.3000,13.2900,13.2800,13.2700,13.2600,13.3100,13.3200,13.3300,13.3400,13.3500,6,281,583,22,433,27,309,372,2228,779
SZ,000001,2019-06-26 09:37:45,13.3100,9,57232.0000,43,B,13.3000,13.2900,13.2800,13.2700,13.2600,13.3100,13.3200,13.3300,13.3400,13.3500,34,252,583,22,433,140,191,377,2228,795
SZ,000001,2019-06-26 09:37:48,13.3100,4,18632.0000,14,B,13.3000,13.2900,13.2800,13.2700,13.2600,13.3100,13.3200,13.3300,13.3400,13.3500,34,252,658,22,433,122,226,377,2237,785
SZ,000001,2019-06-26 09:37:51,13.3100,4,50552.0000,38,B,13.3000,13.2900,13.2800,13.2700,13.2600,13.3100,13.3200,13.3300,13.3400,13.3500,513,254,718,22,433,268,252,463,2237,787
SZ,000001,2019-06-26 09:37:54,13.3100,5,49248.0000,37,B,13.3000,13.2900,13.2800,13.2700,13.2600,13.3100,13.3200,13.3300,13.3400,13.3500,546,254,718,55,453,260,265,463,2228,874
SZ,000001,2019-06-26 09:37:57,13.3100,5,346056.0000,260,B,13.3100,13.3000,13.2900,13.2800,13.2700,13.3200,13.3300,13.3400,13.3500,13.3600,708,550,254,718,55,225,853,2228,874,1075
SZ,000001,2019-06-26 09:38:00,13.3100,14,167808.0000,126,S,13.3100,13.3000,13.2900,13.2800,13.2700,13.3200,13.3300,13.3400,13.3500,13.3600,823,553,254,818,55,146,983,2228,955,1075
SZ,000001,2019-06-26 09:38:03,13.3200,19,282352.0000,212,B,13.3200,13.3100,13.3000,13.2900,13.2800,13.3300,13.3400,13.3500,13.3600,13.3700,2,850,554,262,818,1003,2238,955,1075,981
SZ,000001,2019-06-26 09:38:06,13.3300,12,166576.0000,125,B,13.3200,13.3100,13.3000,13.2900,13.2800,13.3300,13.3400,13.3500,13.3600,13.3700,209,780,565,262,818,968,2236,955,1075,981
SZ,000001,2019-06-26 09:38:09,13.3200,10,198552.0000,149,S,13.3200,13.3100,13.3000,13.2900,13.2800,13.3300,13.3400,13.3500,13.3600,13.3700,158,496,585,274,818,944,2236,955,1076,931
SZ,000001,2019-06-26 09:38:12,13.3100,19,412840.0000,310,S,13.3100,13.3000,13.2900,13.2800,13.2700,13.3200,13.3300,13.3400,13.3500,13.3600,445,594,269,818,55,20,985,2236,955,1076
SZ,000001,2019-06-26 09:38:15,13.3300,31,1532800.0000,1150,B,13.3300,13.3100,13.3000,13.2900,13.2800,13.3400,13.3500,13.3600,13.3700,13.3800,12,483,385,269,818,2236,984,1076,931,990
SZ,000001,2019-06-26 09:38:18,13.3200,20,505328.0000,379,S,13.3100,13.3000,13.2900,13.2800,13.2700,13.3200,13.3300,13.3400,13.3500,13.3600,436,392,269,818,55,7,12,2264,984,1076
SZ,000001,2019-06-26 09:38:21,13.3200,6,119888.0000,90,B,13.3200,13.3100,13.3000,13.2900,13.2800,13.3300,13.3400,13.3500,13.3600,13.3700,333,467,397,269,818,15,2264,784,1076,933
SZ,000001,2019-06-26 09:38:24,13.3300,10,74656.0000,56,B,13.3300,13.3200,13.3100,13.3000,13.2900,13.3400,13.3500,13.3600,13.3700,13.3800,24,310,446,434,269,2263,784,1076,925,980
SZ,000001,2019-06-26 09:38:27,13.3200,16,167904.0000,126,S,13.3200,13.3100,13.3000,13.2900,13.2800,13.3300,13.3400,13.3500,13.3600,13.3700,25,454,443,269,824,283,2273,767,1076,925
SZ,000001,2019-06-26 09:38:30,13.3300,14,275736.0000,207,B,13.3100,13.3000,13.2900,13.2800,13.2700,13.3200,13.3300,13.3400,13.3500,13.3600,395,443,269,849,55,31,502,2035,797,1076
SZ,000001,2019-06-26 09:38:33,13.3100,13,179816.0000,135,S,13.3100,13.3000,13.2900,13.2800,13.2700,13.3200,13.3300,13.3400,13.3500,13.3600,453,443,269,852,55,53,887,2035,797,1076
SZ,000001,2019-06-26 09:38:36,13.3100,30,673536.0000,506,S,13.3000,13.2900,13.2800,13.2700,13.2600,13.3100,13.3200,13.3300,13.3400,13.3500,443,269,852,55,513,43,56,909,2026,794
SZ,000001,2019-06-26 09:38:39,13.3200,12,240920.0000,181,B,13.3000,13.2900,13.2800,13.2700,13.2600,13.3200,13.3300,13.3400,13.3500,13.3600,497,270,905,55,513,42,912,1991,794,1062
SZ,000001,2019-06-26 09:38:42,13.3200,2,41272.0000,31,B,13.3100,13.3000,13.2900,13.2800,13.2700,13.3200,13.3300,13.3400,13.3500,13.3600,79,507,275,905,55,66,963,1991,794,1082
SZ,000001,2019-06-26 09:38:45,13.3200,11,175824.0000,132,B,13.3100,13.3000,13.2900,13.2800,13.2700,13.3200,13.3300,13.3400,13.3500,13.3600,112,445,275,905,55,261,999,1991,794,1082
SZ,000001,2019-06-26 09:38:48,13.3300,18,1027216.0000,771,B,13.3100,13.3000,13.2900,13.2800,13.2700,13.3300,13.3400,13.3500,13.3600,13.3700,28,451,285,405,55,647,1991,799,1082,925
SZ,000001,2019-06-26 09:38:51,13.3200,24,806728.0000,605,S,13.3200,13.3100,13.3000,13.2900,13.2800,13.3300,13.3400,13.3500,13.3600,13.3700,74,92,501,285,405,47,1991,799,1132,981
SZ,000001,2019-06-26 09:38:54,13.3300,10,190600.0000,143,B,13.3300,13.3200,13.3100,13.3000,13.2900,13.3400,13.3500,13.3600,13.3700,13.3800,1059,185,62,501,285,1981,799,1132,981,1019
SZ,000001,2019-06-26 09:38:57,13.3300,10,382600.0000,287,S,13.3300,13.3200,13.3100,13.3000,13.2900,13.3400,13.3500,13.3600,13.3700,13.3800,857,174,326,528,285,1945,799,1132,982,1019
SZ,000001,2019-06-26 09:39:00,13.3400,8,250688.0000,188,B,13.3300,13.3200,13.3100,13.3000,13.2900,13.3400,13.3500,13.3600,13.3700,13.3800,834,175,331,528,285,1870,801,1133,1068,1019
SZ,000001,2019-06-26 09:39:03,13.3200,38,1612256.0000,1210,S,13.3100,13.3000,13.2900,13.2800,13.2700,13.3400,13.3500,13.3600,13.3700,13.3800,238,528,285,399,56,1824,801,1133,1078,1019
SZ,000001,2019-06-26 09:39:06,13.3200,9,129336.0000,97,S,13.3200,13.3100,13.3000,13.2900,13.2800,13.3300,13.3400,13.3500,13.3600,13.3700,25,269,538,285,399,40,1774,811,1133,1078
SZ,000001,2019-06-26 09:39:09,13.3200,15,314552.0000,236,S,13.3100,13.3000,13.2900,13.2800,13.2700,13.3200,13.3300,13.3400,13.3500,13.3600,261,538,277,401,69,66,124,1871,818,1135
SZ,000001,2019-06-26 09:39:12,13.3300,8,157168.0000,118,B,13.3200,13.3100,13.3000,13.2900,13.2800,13.3300,13.3400,13.3500,13.3600,13.3700,20,256,538,277,401,122,1891,818,1135,1054
SZ,000001,2019-06-26 09:39:15,13.3200,2,11992.0000,9,S,13.3200,13.3100,13.3000,13.2900,13.2800,13.3300,13.3400,13.3500,13.3600,13.3700,25,259,451,277,401,137,1866,846,1135,1054
SZ,000001,2019-06-26 09:39:18,13.3300,9,87936.0000,66,B,13.3200,13.3100,13.3000,13.2900,13.2800,13.3300,13.3400,13.3500,13.3600,13.3700,47,255,506,277,406,139,1873,836,1135,1067
SZ,000001,2019-06-26 09:39:21,13.3200,25,768456.0000,577,S,13.3100,13.3000,13.2900,13.2800,13.2700,13.3200,13.3300,13.3400,13.3500,13.3600,30,506,277,406,69,172,76,1873,836,1135
SZ,000001,2019-06-26 09:39:24,13.3200,8,119872.0000,90,B,13.3100,13.3000,13.2900,13.2800,13.2700,13.3200,13.3300,13.3400,13.3500,13.3600,89,506,277,406,69,116,106,1873,836,1145
SZ,000001,2019-06-26 09:39:27,13.3100,14,283768.0000,213,S,13.3100,13.3000,13.2900,13.2800,13.2700,13.3300,13.3400,13.3500,13.3600,13.3700,92,509,277,406,69,36,1873,836,1145,1078
SZ,000001,2019-06-26 09:39:30,13.3200,8,62568.0000,47,B,13.3200,13.3100,13.3000,13.2900,13.2800,13.3300,13.3400,13.3500,13.3600,13.3700,11,57,510,265,406,38,1873,864,1145,1078
SZ,000001,2019-06-26 09:39:33,13.3300,6,73320.0000,55,B,13.3200,13.3100,13.3000,13.2900,13.2800,13.3300,13.3400,13.3500,13.3600,13.3700,75,83,510,166,406,48,1873,864,1145,1090
SZ,000001,2019-06-26 09:39:36,13.3200,15,196904.0000,147,S,13.3200,13.3100,13.3000,13.2900,13.2800,13.3300,13.3400,13.3500,13.3600,13.3700,57,83,520,166,406,99,1820,864,1145,1090
SZ,000001,2019-06-26 09:39:39,13.3200,5,43976.0000,33,S,13.3200,13.3100,13.3000,13.2900,13.2800,13.3300,13.3400,13.3500,13.3600,13.3700,81,83,520,166,406,181,1827,827,1145,1090
SZ,000001,2019-06-26 09:39:42,13.3300,7,54616.0000,41,B,13.3200,13.3100,13.3000,13.2900,13.2800,13.3300,13.3400,13.3500,13.3600,13.3700,158,91,520,166,406,203,1820,847,1145,1216
SZ,000001,2019-06-26 09:39:45,13.3200,15,274816.0000,207,S,13.3100,13.3000,13.2900,13.2800,13.2700,13.3200,13.3300,13.3400,13.3500,13.3600,91,518,166,406,69,984,284,1820,847,1145
SZ,000001,2019-06-26 09:39:48,13.3100,4,50608.0000,38,S,13.3100,13.3000,13.2900,13.2800,13.2700,13.3200,13.3300,13.3400,13.3500,13.3600,126,518,166,406,69,994,278,1820,847,1145
SZ,000001,2019-06-26 09:39:54,13.3200,5,174488.0000,131,B,13.3100,13.3000,13.2900,13.2800,13.2700,13.3200,13.3300,13.3400,13.3500,13.3600,153,519,186,441,69,880,330,1826,847,1125
SZ,000001,2019-06-26 09:39:57,13.3100,10,154440.0000,116,S,13.3100,13.3000,13.2900,13.2800,13.2700,13.3200,13.3300,13.3400,13.3500,13.3600,172,519,209,446,69,837,330,1826,852,1123
SZ,000001,2019-06-26 09:40:00,13.3100,12,178464.0000,134,S,13.3100,13.3000,13.2900,13.2800,13.2700,13.3200,13.3300,13.3400,13.3500,13.3600,152,490,209,446,69,738,354,1826,852,1123
SZ,000001,2019-06-26 09:40:03,13.3200,13,165144.0000,124,B,13.3100,13.3000,13.2900,13.2800,13.2700,13.3200,13.3300,13.3400,13.3500,13.3600,141,490,209,446,69,658,354,1827,872,623
SZ,000001,2019-06-26 09:40:06,13.3100,10,733896.0000,551,S,13.3100,13.3000,13.2900,13.2800,13.2700,13.3200,13.3300,13.3400,13.3500,13.3600,121,490,209,446,69,225,448,794,872,623
SZ,000001,2019-06-26 09:40:09,13.3200,11,123872.0000,93,B,13.3100,13.3000,13.2900,13.2800,13.2700,13.3200,13.3300,13.3400,13.3500,13.3600,150,490,210,446,69,139,448,794,872,623
SZ,000001,2019-06-26 09:40:12,13.3200,16,252672.0000,189,B,13.3200,13.3100,13.3000,13.2900,13.2800,13.3300,13.3400,13.3500,13.3600,13.3700,104,150,495,210,446,448,694,862,638,1522
SZ,000001,2019-06-26 09:40:15,13.3200,10,133272.0000,100,S,13.3200,13.3100,13.3000,13.2900,13.2800,13.3300,13.3400,13.3500,13.3600,13.3700,121,148,501,210,446,372,694,872,638,1522
SZ,000001,2019-06-26 09:40:18,13.3300,27,350256.0000,263,B,13.3200,13.3100,13.3000,13.2900,13.2800,13.3300,13.3400,13.3500,13.3600,13.3700,11,45,503,210,446,343,694,874,638,1522
SZ,000001,2019-06-26 09:40:21,13.3200,10,73296.0000,55,S,13.3200,13.3100,13.3000,13.2900,13.2800,13.3300,13.3400,13.3500,13.3600,13.3700,29,45,503,210,446,304,694,874,638,1522
SZ,000001,2019-06-26 09:40:24,13.3200,4,37312.0000,28,S,13.3200,13.3100,13.3000,13.2900,13.2800,13.3300,13.3400,13.3500,13.3600,13.3700,14,50,503,213,446,292,694,874,637,1522
SZ,000001,2019-06-26 09:40:27,13.3300,8,55960.0000,42,B,13.3100,13.3000,13.2900,13.2800,13.2700,13.3300,13.3400,13.3500,13.3600,13.3700,50,503,213,446,69,281,694,874,642,1522
SZ,000001,2019-06-26 09:40:30,13.3200,4,141192.0000,106,S,13.3100,13.3000,13.2900,13.2800,13.2700,13.3200,13.3300,13.3400,13.3500,13.3600,86,505,231,446,69,207,285,694,879,677
SZ,000001,2019-06-26 09:40:33,13.3200,6,103896.0000,78,B,13.3100,13.3000,13.2900,13.2800,13.2700,13.3200,13.3300,13.3400,13.3500,13.3600,140,505,231,446,69,196,162,694,879,677
SZ,000001,2019-06-26 09:40:36,13.3300,18,291768.0000,219,B,13.3200,13.3100,13.3000,13.2900,13.2800,13.3300,13.3400,13.3500,13.3600,13.3700,42,238,510,231,446,217,694,874,677,1522
SZ,000001,2019-06-26 09:40:39,13.3300,25,375776.0000,282,B,13.3200,13.3100,13.3000,13.2900,13.2800,13.3300,13.3400,13.3500,13.3600,13.3700,9,139,530,231,446,174,694,874,677,1522
SZ,000001,2019-06-26 09:40:42,13.3200,7,147968.0000,111,S,13.3200,13.3100,13.3000,13.2900,13.2800,13.3300,13.3400,13.3500,13.3600,13.3700,754,139,588,231,446,72,694,874,677,1522
SZ,000001,2019-06-26 09:40:45,13.3400,17,241312.0000,181,B,13.3300,13.3200,13.3100,13.3000,13.2900,13.3400,13.3500,13.3600,13.3700,13.3800,150,754,139,588,231,623,874,677,1522,1281
SZ,000001,2019-06-26 09:40:48,13.3400,17,337488.0000,253,B,13.3300,13.3200,13.3100,13.3000,13.2900,13.3400,13.3500,13.3600,13.3700,13.3800,221,790,139,588,231,387,889,677,1537,1281
SZ,000001,2019-06-26 09:40:51,13.3300,32,445552.0000,334,S,13.3300,13.3200,13.3100,13.3000,13.2900,13.3400,13.3500,13.3600,13.3700,13.3800,97,814,139,588,231,55,889,680,1537,1272
SZ,000001,2019-06-26 09:40:54,13.3400,18,387088.0000,290,B,13.3400,13.3300,13.3200,13.3100,13.3000,13.3500,13.3600,13.3700,13.3800,13.3900,147,97,714,139,588,685,680,1537,1272,1196
SZ,000001,2019-06-26 09:40:57,13.3500,43,667456.0000,500,B,13.3400,13.3300,13.3200,13.3100,13.3000,13.3500,13.3600,13.3700,13.3800,13.3900,403,87,714,219,588,231,680,1537,1272,1196
SZ,000001,2019-06-26 09:41:00,13.3500,32,480560.0000,360,B,13.3500,13.3400,13.3300,13.3200,13.3100,13.3600,13.3700,13.3800,13.3900,13.4000,23,381,587,237,219,663,1537,1272,1196,1146
SZ,000001,2019-06-26 09:41:03,13.3600,22,446080.0000,334,B,13.3400,13.3300,13.3200,13.3100,13.3000,13.3600,13.3700,13.3800,13.3900,13.4000,331,606,40,169,548,458,1549,1278,1196,1146
SZ,000001,2019-06-26 09:41:06,13.3500,12,172256.0000,129,S,13.3400,13.3300,13.3200,13.3100,13.3000,13.3500,13.3600,13.3700,13.3800,13.3900,379,632,40,187,548,961,432,1249,1294,1196
SZ,000001,2019-06-26 09:41:09,13.3500,5,62752.0000,47,B,13.3400,13.3300,13.3200,13.3100,13.3000,13.3500,13.3600,13.3700,13.3800,13.3900,663,636,40,182,373,944,433,1249,1273,1196
SZ,000001,2019-06-26 09:41:12,13.3400,10,76080.0000,57,S,13.3400,13.3300,13.3200,13.3100,13.3000,13.3500,13.3600,13.3700,13.3800,13.3900,646,636,40,182,373,933,758,1209,1273,1196
SZ,000001,2019-06-26 09:41:15,13.3500,5,116144.0000,87,B,13.3400,13.3300,13.3200,13.3100,13.3000,13.3500,13.3600,13.3700,13.3800,13.3900,686,666,50,182,373,846,807,1202,1273,1196
SZ,000001,2019-06-26 09:41:18,13.3500,9,225584.0000,169,B,13.3400,13.3300,13.3200,13.3100,13.3000,13.3500,13.3600,13.3700,13.3800,13.3900,650,666,46,182,383,713,807,1212,1273,1196
SZ,000001,2019-06-26 09:41:21,13.3500,5,129488.0000,97,B,13.3400,13.3300,13.3200,13.3100,13.3000,13.3500,13.3600,13.3700,13.3800,13.3900,695,616,46,199,403,708,806,1213,1289,1196
SZ,000001,2019-06-26 09:41:24,13.3400,5,20032.0000,15,S,13.3400,13.3300,13.3200,13.3100,13.3000,13.3500,13.3600,13.3700,13.3800,13.3900,715,616,46,216,374,712,811,1213,1282,1196
SZ,000001,2019-06-26 09:41:27,13.3500,7,193568.0000,145,B,13.3400,13.3300,13.3200,13.3100,13.3000,13.3500,13.3600,13.3700,13.3800,13.3900,812,626,57,216,374,570,930,1213,1282,1201
SZ,000001,2019-06-26 09:41:30,13.3500,10,357568.0000,268,B,13.3400,13.3300,13.3200,13.3100,13.3000,13.3500,13.3600,13.3700,13.3800,13.3900,614,631,66,213,375,539,930,1213,1282,1201
SZ,000001,2019-06-26 09:41:33,13.3500,15,272304.0000,204,B,13.3400,13.3300,13.3200,13.3100,13.3000,13.3500,13.3600,13.3700,13.3800,13.3900,579,631,96,213,375,379,930,1213,1270,1201
SZ,000001,2019-06-26 09:41:36,13.3500,12,134832.0000,101,B,13.3400,13.3300,13.3200,13.3100,13.3000,13.3500,13.3600,13.3700,13.3800,13.3900,504,646,96,198,395,420,945,1213,1270,1203
SZ,000001,2019-06-26 09:41:39,13.3500,28,746256.0000,559,B,13.3400,13.3300,13.3200,13.3100,13.3000,13.3500,13.3600,13.3700,13.3800,13.3900,497,651,96,198,395,382,953,1213,1270,1203
SZ,000001,2019-06-26 09:41:42,13.3500,15,285680.0000,214,B,13.3400,13.3300,13.3200,13.3100,13.3000,13.3500,13.3600,13.3700,13.3800,13.3900,489,656,96,198,489,184,968,1213,1568,1203
SZ,000001,2019-06-26 09:41:45,13.3500,16,262992.0000,197,B,13.3500,13.3400,13.3300,13.3200,13.3100,13.3600,13.3700,13.3800,13.3900,13.4000,168,507,656,96,188,968,1214,1568,1203,1198
SZ,000001,2019-06-26 09:41:48,13.3500,4,142848.0000,107,S,13.3500,13.3400,13.3300,13.3200,13.3100,13.3600,13.3700,13.3800,13.3900,13.4000,344,404,651,96,188,979,1214,1568,1203,1204
SZ,000001,2019-06-26 09:41:51,13.3500,4,68112.0000,51,S,13.3500,13.3400,13.3300,13.3200,13.3100,13.3600,13.3700,13.3800,13.3900,13.4000,411,444,671,96,188,940,1234,1568,1223,1194
SZ,000001,2019-06-26 09:41:54,13.3600,4,34736.0000,26,B,13.3500,13.3400,13.3300,13.3200,13.3100,13.3600,13.3700,13.3800,13.3900,13.4000,430,458,671,96,188,923,1234,1568,1223,1200
SZ,000001,2019-06-26 09:41:57,13.3500,12,109472.0000,82,S,13.3500,13.3400,13.3300,13.3200,13.3100,13.3600,13.3700,13.3800,13.3900,13.4000,467,458,649,96,188,922,1229,1568,1223,1200
SZ,000001,2019-06-26 09:42:00,13.3500,4,68080.0000,51,S,13.3500,13.3400,13.3300,13.3200,13.3100,13.3600,13.3700,13.3800,13.3900,13.4000,401,458,649,101,188,922,1229,1568,1219,1200
SZ,000001,2019-06-26 09:42:03,13.3500,15,185632.0000,139,S,13.3500,13.3400,13.3300,13.3200,13.3100,13.3600,13.3700,13.3800,13.3900,13.4000,310,558,650,101,188,924,1229,1568,1219,1196
SZ,000001,2019-06-26 09:42:06,13.3500,34,512640.0000,384,S,13.3400,13.3300,13.3200,13.3100,13.3000,13.3500,13.3600,13.3700,13.3800,13.3900,549,650,108,181,709,508,1099,1229,1568,1219
SZ,000001,2019-06-26 09:42:09,13.3400,9,168192.0000,126,S,13.3400,13.3300,13.3200,13.3100,13.3000,13.3500,13.3600,13.3700,13.3800,13.3900,593,655,113,181,708,428,1125,1439,1568,1208
SZ,000001,2019-06-26 09:42:12,13.3400,6,289680.0000,217,S,13.3400,13.3300,13.3200,13.3100,13.3000,13.3500,13.3600,13.3700,13.3800,13.3900,620,657,113,181,708,284,1135,1434,1581,1208
SZ,000001,2019-06-26 09:42:15,13.3500,9,126768.0000,95,B,13.3400,13.3300,13.3200,13.3100,13.3000,13.3500,13.3600,13.3700,13.3800,13.3900,583,642,113,182,708,270,1119,1434,1591,1208
SZ,000001,2019-06-26 09:42:18,13.3500,7,104096.0000,78,B,13.3400,13.3300,13.3200,13.3100,13.3000,13.3500,13.3600,13.3700,13.3800,13.3900,526,642,113,182,708,260,1196,1434,1591,1208
SZ,000001,2019-06-26 09:42:21,13.3500,27,533984.0000,400,B,13.3500,13.3400,13.3300,13.3200,13.3100,13.3600,13.3700,13.3800,13.3900,13.4000,150,536,643,113,182,1196,1428,1591,1208,1199
SZ,000001,2019-06-26 09:42:24,13.3500,18,580704.0000,435,S,13.3400,13.3300,13.3200,13.3100,13.3000,13.3500,13.3600,13.3700,13.3800,13.3900,462,643,113,182,718,985,1204,1428,1591,1208
SZ,000001,2019-06-26 09:42:27,13.3500,9,341712.0000,256,B,13.3400,13.3300,13.3200,13.3100,13.3000,13.3500,13.3600,13.3700,13.3800,13.3900,481,693,113,182,718,930,1198,1428,1591,1208
SZ,000001,2019-06-26 09:42:30,13.3500,10,218912.0000,164,B,13.3400,13.3300,13.3200,13.3100,13.3000,13.3500,13.3600,13.3700,13.3800,13.3900,473,713,113,182,718,650,1198,1428,1591,1208
SZ,000001,2019-06-26 09:42:33,13.3600,9,894448.0000,670,B,13.3500,13.3400,13.3300,13.3200,13.3100,13.3600,13.3700,13.3800,13.3900,13.4000,376,474,723,113,132,1202,1428,1578,1208,1203
SZ,000001,2019-06-26 09:42:36,13.3500,15,253840.0000,190,S,13.3500,13.3400,13.3300,13.3200,13.3100,13.3600,13.3700,13.3800,13.3900,13.4000,409,405,723,113,132,1032,1441,1578,1208,1203
SZ,000001,2019-06-26 09:42:39,13.3500,6,112144.0000,84,S,13.3500,13.3400,13.3300,13.3200,13.3100,13.3600,13.3700,13.3800,13.3900,13.4000,367,394,723,113,132,1032,1441,1578,1208,1203
SZ,000001,2019-06-26 09:42:42,13.3600,14,207056.0000,155,B,13.3500,13.3400,13.3300,13.3200,13.3100,13.3600,13.3700,13.3800,13.3900,13.4000,406,494,723,113,132,889,1441,1577,1208,1203
SZ,000001,2019-06-26 09:42:45,13.3500,18,673344.0000,504,S,13.3500,13.3400,13.3300,13.3200,13.3100,13.3600,13.3700,13.3800,13.3900,13.4000,411,469,723,113,132,389,1441,1577,1208,1207
SZ,000001,2019-06-26 09:42:48,13.3500,12,227088.0000,170,S,13.3500,13.3400,13.3300,13.3200,13.3100,13.3600,13.3700,13.3800,13.3900,13.4000,503,479,723,113,142,255,1454,1577,1208,1207
SZ,000001,2019-06-26 09:42:51,13.3600,2,6672.0000,5,B,13.3500,13.3400,13.3300,13.3200,13.3100,13.3600,13.3700,13.3800,13.3900,13.4000,567,481,723,113,142,256,1463,1577,1208,1207
SZ,000001,2019-06-26 09:42:54,13.3600,9,194976.0000,146,B,13.3500,13.3400,13.3300,13.3200,13.3100,13.3600,13.3700,13.3800,13.3900,13.4000,533,486,723,115,142,211,1463,1577,1188,1227
SZ,000001,2019-06-26 09:42:57,13.3600,9,89504.0000,67,B,13.3500,13.3400,13.3300,13.3200,13.3100,13.3600,13.3700,13.3800,13.3900,13.4000,550,486,723,115,142,174,1463,1577,1188,1227
SZ,000001,2019-06-26 09:43:00,13.3600,34,652224.0000,488,B,13.3500,13.3400,13.3300,13.3200,13.3100,13.3600,13.3700,13.3800,13.3900,13.4000,566,486,723,115,142,281,1196,1577,1188,1227
SZ,000001,2019-06-26 09:43:03,13.3600,11,257856.0000,193,B,13.3500,13.3400,13.3300,13.3200,13.3100,13.3600,13.3700,13.3800,13.3900,13.4000,585,486,723,115,142,174,1199,1572,1188,1227
SZ,000001,2019-06-26 09:43:06,13.3600,13,287248.0000,215,B,13.3600,13.3500,13.3400,13.3300,13.3200,13.3700,13.3800,13.3900,13.4000,13.4100,66,602,483,723,115,1192,1572,1188,1227,418
SZ,000001,2019-06-26 09:43:09,13.3600,19,304704.0000,228,S,13.3600,13.3500,13.3400,13.3300,13.3200,13.3700,13.3800,13.3900,13.4000,13.4100,79,537,494,723,115,1101,1572,1188,1253,418
SZ,000001,2019-06-26 09:43:12,13.3700,12,215104.0000,161,B,13.3600,13.3500,13.3400,13.3300,13.3200,13.3700,13.3800,13.3900,13.4000,13.4100,39,537,463,723,115,1091,1372,1196,1253,418
SZ,000001,2019-06-26 09:43:15,13.3700,14,381008.0000,285,B,13.3600,13.3500,13.3400,13.3300,13.3200,13.3700,13.3800,13.3900,13.4000,13.4100,284,527,463,723,115,846,1367,1196,1253,418
SZ,000001,2019-06-26 09:43:18,13.3700,11,175120.0000,131,B,13.3600,13.3500,13.3400,13.3300,13.3200,13.3700,13.3800,13.3900,13.4000,13.4100,338,540,496,723,115,737,1067,1196,1253,418
SZ,000001,2019-06-26 09:43:21,13.3700,6,40112.0000,30,B,13.3600,13.3500,13.3400,13.3300,13.3200,13.3700,13.3800,13.3900,13.4000,13.4100,340,570,496,733,115,807,1072,1196,1273,419
SZ,000001,2019-06-26 09:43:24,13.3700,20,537104.0000,402,B,13.3600,13.3500,13.3400,13.3300,13.3200,13.3700,13.3800,13.3900,13.4000,13.4100,30,538,491,733,115,1135,1071,1196,1273,419
SZ,000001,2019-06-26 09:43:27,13.3700,11,164448.0000,123,B,13.3600,13.3500,13.3400,13.3300,13.3200,13.3700,13.3800,13.3900,13.4000,13.4100,88,543,491,657,115,1018,1378,1196,1273,419
SZ,000001,2019-06-26 09:43:30,13.3600,17,257904.0000,193,S,13.3500,13.3400,13.3300,13.3200,13.3100,13.3600,13.3700,13.3800,13.3900,13.4000,548,471,657,91,180,480,961,1378,1196,1273
SZ,000001,2019-06-26 09:43:33,13.3600,6,283232.0000,212,B,13.3500,13.3400,13.3300,13.3200,13.3100,13.3600,13.3700,13.3800,13.3900,13.4000,552,471,657,91,180,456,960,1378,1196,1273
SZ,000001,2019-06-26 09:43:36,13.3600,5,30736.0000,23,B,13.3500,13.3400,13.3300,13.3200,13.3100,13.3600,13.3700,13.3800,13.3900,13.4000,622,471,646,91,180,306,1085,1388,1201,1273
SZ,000001,2019-06-26 09:43:39,13.3600,4,33392.0000,25,B,13.3500,13.3400,13.3300,13.3200,13.3100,13.3600,13.3700,13.3800,13.3900,13.4000,715,471,646,91,180,625,1090,1388,1201,1273
SZ,000001,2019-06-26 09:43:42,13.3600,1,1344.0000,1,B,13.3500,13.3400,13.3300,13.3200,13.3100,13.3600,13.3700,13.3800,13.3900,13.4000,745,464,656,91,180,674,1099,1388,1201,1273
SZ,000001,2019-06-26 09:43:45,13.3600,36,623472.0000,467,B,13.3500,13.3400,13.3300,13.3200,13.3100,13.3600,13.3700,13.3800,13.3900,13.4000,334,464,662,91,180,1676,1106,1383,1201,1197
SZ,000001,2019-06-26 09:43:48,13.3500,40,643456.0000,482,S,13.3400,13.3300,13.3200,13.3100,13.3000,13.3500,13.3600,13.3700,13.3800,13.3900,461,662,91,230,769,77,1950,1106,1383,1201
SZ,000001,2019-06-26 09:43:51,13.3400,41,708384.0000,531,S,13.3400,13.3300,13.3200,13.3100,13.3000,13.3500,13.3600,13.3700,13.3800,13.3900,24,662,91,230,769,271,1942,1110,1383,1201
SZ,000001,2019-06-26 09:43:54,13.3400,12,234432.0000,176,B,13.3300,13.3200,13.3100,13.3000,13.2900,13.3400,13.3500,13.3600,13.3700,13.3800,661,91,230,770,252,393,369,1942,1120,1383
SZ,000001,2019-06-26 09:43:57,13.3400,5,140064.0000,105,B,13.3300,13.3200,13.3100,13.3000,13.2900,13.3400,13.3500,13.3600,13.3700,13.3800,683,91,230,770,252,133,436,1948,1121,1383
SZ,000001,2019-06-26 09:44:00,13.3400,9,57360.0000,43,B,13.3300,13.3200,13.3100,13.3000,13.2900,13.3400,13.3500,13.3600,13.3700,13.3800,683,91,230,770,252,130,446,1998,1051,1383
SZ,000001,2019-06-26 09:44:03,13.3400,5,94704.0000,71,B,13.3300,13.3200,13.3100,13.3000,13.2900,13.3400,13.3500,13.3600,13.3700,13.3800,715,91,230,780,252,61,446,2008,1051,1383
SZ,000001,2019-06-26 09:44:06,13.3500,9,160128.0000,120,B,13.3400,13.3300,13.3200,13.3100,13.3000,13.3500,13.3600,13.3700,13.3800,13.3900,2,716,91,235,784,383,2008,1055,1383,1201
SZ,000001,2019-06-26 09:44:09,13.3300,11,145472.0000,109,S,13.3300,13.3200,13.3100,13.3000,13.2900,13.3400,13.3500,13.3600,13.3700,13.3800,641,91,235,784,252,51,325,2008,1099,1383
SZ,000001,2019-06-26 09:44:12,13.3400,4,68032.0000,51,B,13.3400,13.3300,13.3200,13.3100,13.3000,13.3500,13.3600,13.3700,13.3800,13.3900,65,645,91,235,777,436,2010,1114,1383,1309
SZ,000001,2019-06-26 09:44:15,13.3500,2,20016.0000,15,B,13.3400,13.3300,13.3200,13.3100,13.3000,13.3500,13.3600,13.3700,13.3800,13.3900,82,651,91,235,777,449,2010,1114,1383,1309
SZ,000001,2019-06-26 09:44:18,13.3400,4,30704.0000,23,S,13.3400,13.3300,13.3200,13.3100,13.3000,13.3500,13.3600,13.3700,13.3800,13.3900,155,661,91,235,777,445,2010,1114,1383,1309
SZ,000001,2019-06-26 09:44:21,13.3400,1,12000.0000,9,S,13.3400,13.3300,13.3200,13.3100,13.3000,13.3500,13.3600,13.3700,13.3800,13.3900,146,661,91,235,792,558,2004,1114,1389,1309
SZ,000001,2019-06-26 09:44:24,13.3500,4,30704.0000,23,B,13.3400,13.3300,13.3200,13.3100,13.3000,13.3500,13.3600,13.3700,13.3800,13.3900,199,652,91,235,857,682,2004,1114,1389,1309
SZ,000001,2019-06-26 09:44:27,13.3400,8,92064.0000,69,S,13.3400,13.3300,13.3200,13.3100,13.3000,13.3500,13.3600,13.3700,13.3800,13.3900,190,659,91,235,837,618,2004,1114,1389,1309
SZ,000001,2019-06-26 09:44:30,13.3500,21,403168.0000,302,B,13.3400,13.3300,13.3200,13.3100,13.3000,13.3500,13.3600,13.3700,13.3800,13.3900,185,659,99,235,837,321,2004,1134,1389,1309
SZ,000001,2019-06-26 09:44:33,13.3500,7,156192.0000,117,B,13.3400,13.3300,13.3200,13.3100,13.3000,13.3500,13.3600,13.3700,13.3800,13.3900,210,659,102,237,842,220,2004,1134,1389,1309
SZ,000001,2019-06-26 09:44:36,13.3500,2,8016.0000,6,B,13.3400,13.3300,13.3200,13.3100,13.3000,13.3500,13.3600,13.3700,13.3800,13.3900,330,659,102,237,843,314,2004,1184,1389,1309
SZ,000001,2019-06-26 09:44:39,13.3500,3,5344.0000,4,B,13.3400,13.3300,13.3200,13.3100,13.3000,13.3500,13.3600,13.3700,13.3800,13.3900,382,659,102,237,843,368,2011,1215,1373,1309
SZ,000001,2019-06-26 09:44:42,13.3500,20,260144.0000,195,B,13.3400,13.3300,13.3200,13.3100,13.3000,13.3500,13.3600,13.3700,13.3800,13.3900,216,659,102,237,843,394,2011,1215,1373,1309
SZ,000001,2019-06-26 09:44:45,13.3500,6,52048.0000,39,B,13.3400,13.3300,13.3200,13.3100,13.3000,13.3500,13.3600,13.3700,13.3800,13.3900,248,689,102,237,846,416,2011,1220,1373,1309
SZ,000001,2019-06-26 09:44:48,13.3500,13,440544.0000,330,B,13.3400,13.3300,13.3200,13.3100,13.3000,13.3500,13.3600,13.3700,13.3800,13.3900,275,689,102,237,853,190,2003,1220,1372,1309
SZ,000001,2019-06-26 09:44:51,13.3500,12,92112.0000,69,B,13.3400,13.3300,13.3200,13.3100,13.3000,13.3500,13.3600,13.3700,13.3800,13.3900,305,689,102,237,853,217,2003,1220,1372,1309
SZ,000001,2019-06-26 09:44:54,13.3500,9,61408.0000,46,B,13.3400,13.3300,13.3200,13.3100,13.3000,13.3500,13.3600,13.3700,13.3800,13.3900,321,689,102,457,853,188,2003,1296,1372,1309
SZ,000001,2019-06-26 09:44:57,13.3400,8,246864.0000,185,S,13.3400,13.3300,13.3200,13.3100,13.3000,13.3500,13.3600,13.3700,13.3800,13.3900,221,689,102,457,856,103,2008,1296,1372,1309
SZ,000001,2019-06-26 09:45:00,13.3600,11,222992.0000,167,B,13.3400,13.3300,13.3200,13.3100,13.3000,13.3600,13.3700,13.3800,13.3900,13.4000,306,745,102,457,856,1964,1296,1372,1312,1195
SZ,000001,2019-06-26 09:45:03,13.3500,4,8016.0000,6,S,13.3400,13.3300,13.3200,13.3100,13.3000,13.3500,13.3600,13.3700,13.3800,13.3900,306,745,124,457,856,74,2039,1296,1372,1226
SZ,000001,2019-06-26 09:45:06,13.3600,6,413904.0000,310,B,13.3400,13.3300,13.3200,13.3100,13.3000,13.3600,13.3700,13.3800,13.3900,13.4000,328,745,124,457,861,1981,1296,1372,1218,1225
SZ,000001,2019-06-26 09:45:09,13.3500,8,173648.0000,130,S,13.3500,13.3400,13.3300,13.3200,13.3100,13.3600,13.3700,13.3800,13.3900,13.4000,51,358,776,124,457,1893,1296,1372,1218,1267
SZ,000001,2019-06-26 09:45:12,13.3400,27,469872.0000,352,S,13.3500,13.3400,13.3300,13.3200,13.3100,13.3600,13.3700,13.3800,13.3900,13.4000,67,163,709,124,473,1811,1296,1372,1224,1267
SZ,000001,2019-06-26 09:45:15,13.3500,10,162912.0000,122,S,13.3500,13.3400,13.3300,13.3200,13.3100,13.3600,13.3700,13.3800,13.3900,13.4000,398,107,709,124,473,1791,1296,1372,1224,1267
SZ,000001,2019-06-26 09:45:18,13.3400,17,3385456.0000,2536,S,13.3300,13.3200,13.3100,13.3000,13.2900,13.3400,13.3500,13.3600,13.3700,13.3800,722,124,473,861,257,759,207,1791,1299,1366
SZ,000001,2019-06-26 09:45:21,13.3400,26,1196528.0000,897,B,13.3300,13.3200,13.3100,13.3000,13.2900,13.3400,13.3500,13.3600,13.3700,13.3800,715,124,473,861,257,79,542,2095,1299,1366
SZ,000001,2019-06-26 09:45:24,13.3500,20,1754048.0000,1314,B,13.3400,13.3300,13.3200,13.3100,13.3000,13.3500,13.3600,13.3700,13.3800,13.3900,13,712,114,473,861,479,2095,1295,1366,1224
SZ,000001,2019-06-26 09:45:27,13.3400,27,659376.0000,494,S,13.3400,13.3300,13.3200,13.3100,13.3000,13.3500,13.3600,13.3700,13.3800,13.3900,19,1539,114,473,861,153,2040,1295,1366,1221
SZ,000001,2019-06-26 09:45:30,13.3500,3,20016.0000,15,B,13.3400,13.3300,13.3200,13.3100,13.3000,13.3500,13.3600,13.3700,13.3800,13.3900,193,1539,114,478,861,138,2040,1295,1391,1221
SZ,000001,2019-06-26 09:45:33,13.3500,4,12016.0000,9,B,13.3400,13.3300,13.3200,13.3100,13.3000,13.3500,13.3600,13.3700,13.3800,13.3900,908,1539,114,478,871,208,2043,1275,1791,1221
SZ,000001,2019-06-26 09:45:36,13.3500,25,710112.0000,532,B,13.3500,13.3400,13.3300,13.3200,13.3100,13.3600,13.3700,13.3800,13.3900,13.4000,163,869,1539,114,478,2033,1275,1791,1221,1523
SZ,000001,2019-06-26 09:45:39,13.3400,12,400544.0000,300,S,13.3400,13.3300,13.3200,13.3100,13.3000,13.3500,13.3600,13.3700,13.3800,13.3900,846,1539,114,478,871,213,1988,1199,1801,1221
SZ,000001,2019-06-26 09:45:42,13.3500,6,86768.0000,65,B,13.3400,13.3300,13.3200,13.3100,13.3000,13.3500,13.3600,13.3700,13.3800,13.3900,839,1539,114,478,891,228,1993,1199,1813,1223
SZ,000001,2019-06-26 09:45:45,13.3500,5,121424.0000,91,B,13.3400,13.3300,13.3200,13.3100,13.3000,13.3500,13.3600,13.3700,13.3800,13.3900,790,1539,114,478,881,499,2179,1199,1963,1223
SZ,000001,2019-06-26 09:45:48,13.3400,1,1328.0000,1,S,13.3400,13.3300,13.3200,13.3100,13.3000,13.3500,13.3600,13.3700,13.3800,13.3900,822,1609,926,478,881,520,2179,1199,1965,1223
SZ,000001,2019-06-26 09:45:51,13.3400,6,140096.0000,105,S,13.3400,13.3300,13.3200,13.3100,13.3000,13.3500,13.3600,13.3700,13.3800,13.3900,743,1809,919,478,881,500,2179,1156,1945,1223
SZ,000001,2019-06-26 09:45:54,13.3500,5,150752.0000,113,B,13.3400,13.3300,13.3200,13.3100,13.3000,13.3500,13.3600,13.3700,13.3800,13.3900,644,1809,919,478,881,581,2179,1156,1945,1233
SZ,000001,2019-06-26 09:45:57,13.3400,7,69360.0000,52,S,13.3400,13.3300,13.3200,13.3100,13.3000,13.3500,13.3600,13.3700,13.3800,13.3900,620,1809,919,478,881,685,2179,1156,1945,1233
SZ,000001,2019-06-26 09:46:00,13.3500,9,157488.0000,118,B,13.3400,13.3300,13.3200,13.3100,13.3000,13.3500,13.3600,13.3700,13.3800,13.3900,578,1819,919,478,881,653,2179,1156,1946,1233
SZ,000001,2019-06-26 09:46:03,13.3400,14,552304.0000,414,S,13.3400,13.3300,13.3200,13.3100,13.3000,13.3500,13.3600,13.3700,13.3800,13.3900,225,1818,919,478,993,688,2191,1156,1946,1233
SZ,000001,2019-06-26 09:46:06,13.3400,14,353744.0000,265,S,13.3400,13.3300,13.3200,13.3100,13.3000,13.3500,13.3600,13.3700,13.3800,13.3900,201,1818,919,478,984,540,2191,1156,1962,1233
SZ,000001,2019-06-26 09:46:09,13.3500,7,90752.0000,68,B,13.3400,13.3300,13.3200,13.3100,13.3000,13.3500,13.3600,13.3700,13.3800,13.3900,195,1818,919,478,984,535,2233,1156,1962,1233
SZ,000001,2019-06-26 09:46:12,13.3500,5,133488.0000,100,B,13.3400,13.3300,13.3200,13.3100,13.3000,13.3500,13.3600,13.3700,13.3800,13.3900,189,1818,919,478,984,433,2233,1156,1962,1233
SZ,000001,2019-06-26 09:46:15,13.3400,18,162848.0000,122,S,13.3400,13.3300,13.3200,13.3100,13.3000,13.3500,13.3600,13.3700,13.3800,13.3900,167,1820,919,478,984,427,2237,1156,1962,1233
SZ,000001,2019-06-26 09:46:18,13.3500,18,248320.0000,186,B,13.3400,13.3300,13.3200,13.3100,13.3000,13.3500,13.3600,13.3700,13.3800,13.3900,190,1820,919,478,984,262,2301,1156,1866,1236
SZ,000001,2019-06-26 09:46:21,13.3500,21,258880.0000,194,B,13.3400,13.3300,13.3200,13.3100,13.3000,13.3500,13.3600,13.3700,13.3800,13.3900,88,1776,919,478,984,229,2301,1156,1866,1236
SZ,000001,2019-06-26 09:46:24,13.3500,17,90720.0000,68,B,13.3400,13.3300,13.3200,13.3100,13.3000,13.3500,13.3600,13.3700,13.3800,13.3900,28,1778,919,258,984,266,2321,1156,1866,1236
SZ,000001,2019-06-26 09:46:27,13.3500,10,49392.0000,37,B,13.3400,13.3300,13.3200,13.3100,13.3000,13.3500,13.3600,13.3700,13.3800,13.3900,24,1778,919,258,984,351,2297,1156,1866,1236
SZ,000001,2019-06-26 09:46:30,13.3500,9,125488.0000,94,B,13.3400,13.3300,13.3200,13.3100,13.3000,13.3500,13.3600,13.3700,13.3800,13.3900,174,1778,919,270,984,281,2291,1156,1866,1237
SZ,000001,2019-06-26 09:46:33,13.3500,11,96128.0000,72,B,13.3400,13.3300,13.3200,13.3100,13.3000,13.3500,13.3600,13.3700,13.3800,13.3900,224,1782,919,270,984,229,2291,1156,1870,1237
SZ,000001,2019-06-26 09:46:36,13.3500,7,97440.0000,73,B,13.3400,13.3300,13.3200,13.3100,13.3000,13.3500,13.3600,13.3700,13.3800,13.3900,265,1782,919,270,1034,160,2291,1156,1870,1237
SZ,000001,2019-06-26 09:46:39,13.3400,46,2755728.0000,2067,S,13.3400,13.3300,13.3200,13.3100,13.3000,13.3500,13.3600,13.3700,13.3800,13.3900,33,104,919,290,1039,229,2291,1156,1870,1237
SZ,000001,2019-06-26 09:46:42,13.3400,21,363104.0000,272,S,13.3400,13.3300,13.3200,13.3100,13.3000,13.3600,13.3700,13.3800,13.3900,13.4000,92,104,919,290,1039,2291,1156,1870,1237,5758
SZ,000001,2019-06-26 09:46:45,13.3500,6,74752.0000,56,B,13.3500,13.3400,13.3300,13.3200,13.3100,13.3600,13.3700,13.3800,13.3900,13.4000,60,90,104,919,290,2441,1156,1870,1237,5732
SZ,000001,2019-06-26 09:46:48,13.3500,11,344432.0000,258,S,13.3400,13.3300,13.3200,13.3100,13.3000,13.3500,13.3600,13.3700,13.3800,13.3900,63,104,919,290,1039,38,2448,1156,1870,1237
SZ,000001,2019-06-26 09:46:51,13.3500,6,29376.0000,22,B,13.3400,13.3300,13.3200,13.3100,13.3000,13.3500,13.3600,13.3700,13.3800,13.3900,96,104,919,371,1059,89,2442,1156,1870,1237
SZ,000001,2019-06-26 09:46:54,13.3400,9,117392.0000,88,S,13.3400,13.3300,13.3200,13.3100,13.3000,13.3500,13.3600,13.3700,13.3800,13.3900,13,104,919,371,1059,252,2442,1156,1840,1255
SZ,000001,2019-06-26 09:46:57,13.3400,10,82720.0000,62,S,13.3300,13.3200,13.3100,13.3000,13.2900,13.3400,13.3500,13.3600,13.3700,13.3800,104,919,371,1059,255,163,642,2422,1156,1840
SZ,000001,2019-06-26 09:47:00,13.3400,3,8000.0000,6,B,13.3300,13.3200,13.3100,13.3000,13.2900,13.3400,13.3500,13.3600,13.3700,13.3800,135,919,371,1059,255,225,679,2422,1156,1840
SZ,000001,2019-06-26 09:47:03,13.3400,4,10672.0000,8,B,13.3300,13.3200,13.3100,13.3000,13.2900,13.3400,13.3500,13.3600,13.3700,13.3800,63,919,371,1065,255,220,695,2420,1156,1840
SZ,000001,2019-06-26 09:47:06,13.3500,13,354848.0000,266,B,13.3400,13.3300,13.3200,13.3100,13.3000,13.3500,13.3600,13.3700,13.3800,13.3900,2082,46,919,371,1069,669,2420,1156,1840,1310
SZ,000001,2019-06-26 09:47:09,13.3500,8,178896.0000,134,B,13.3400,13.3300,13.3200,13.3100,13.3000,13.3500,13.3600,13.3700,13.3800,13.3900,2144,215,919,371,1069,956,2417,1156,1850,1310
SZ,000001,2019-06-26 09:47:12,13.3500,14,168208.0000,126,B,13.3400,13.3300,13.3200,13.3100,13.3000,13.3500,13.3600,13.3700,13.3800,13.3900,2154,215,919,371,1019,896,2417,1156,1850,1294
SZ,000001,2019-06-26 09:47:15,13.3400,10,712416.0000,534,S,13.3400,13.3300,13.3200,13.3100,13.3000,13.3500,13.3600,13.3700,13.3800,13.3900,1685,217,919,371,1015,858,2285,1156,1850,1301
SZ,000001,2019-06-26 09:47:18,13.3400,25,1490896.0000,1117,S,13.3400,13.3300,13.3200,13.3100,13.3000,13.3500,13.3600,13.3700,13.3800,13.3900,1435,217,919,371,1015,47,2309,1156,1850,1296
SZ,000001,2019-06-26 09:47:21,13.3500,11,149536.0000,112,B,13.3500,13.3400,13.3300,13.3200,13.3100,13.3600,13.3700,13.3800,13.3900,13.4000,178,1435,217,919,371,2281,1156,1850,1278,5711
SZ,000001,2019-06-26 09:47:24,13.3500,12,348704.0000,261,S,13.3500,13.3400,13.3300,13.3200,13.3100,13.3600,13.3700,13.3800,13.3900,13.4000,383,1384,217,919,371,1982,1156,1850,1278,5711
SZ,000001,2019-06-26 09:47:27,13.3600,5,58768.0000,44,B,13.3500,13.3400,13.3300,13.3200,13.3100,13.3600,13.3700,13.3800,13.3900,13.4000,375,1384,217,919,371,1947,1156,1850,1291,5711
SZ,000001,2019-06-26 09:47:30,13.3500,7,94816.0000,71,S,13.3500,13.3400,13.3300,13.3200,13.3100,13.3600,13.3700,13.3800,13.3900,13.4000,541,1384,217,919,371,1941,1156,1850,1291,5704
SZ,000001,2019-06-26 09:47:33,13.3500,2,17376.0000,13,S,13.3500,13.3400,13.3300,13.3200,13.3100,13.3600,13.3700,13.3800,13.3900,13.4000,551,1384,223,919,371,1931,1171,1850,1291,5734
SZ,000001,2019-06-26 09:47:36,13.3500,4,213600.0000,160,S,13.3500,13.3400,13.3300,13.3200,13.3100,13.3600,13.3700,13.3800,13.3900,13.4000,391,1384,309,919,371,2037,1171,1850,1291,5736
SZ,000001,2019-06-26 09:47:39,13.3600,7,90816.0000,68,B,13.3500,13.3400,13.3300,13.3200,13.3100,13.3600,13.3700,13.3800,13.3900,13.4000,964,1384,309,919,371,1989,1171,1850,1304,5736
SZ,000001,2019-06-26 09:47:42,13.3500,2,66752.0000,50,S,13.3500,13.3400,13.3300,13.3200,13.3100,13.3600,13.3700,13.3800,13.3900,13.4000,1524,1384,309,919,371,2039,1171,1850,1304,5746
SZ,000001,2019-06-26 09:47:45,13.3500,9,180272.0000,135,S,13.3500,13.3400,13.3300,13.3200,13.3100,13.3600,13.3700,13.3800,13.3900,13.4000,1444,1394,309,919,371,2070,1171,1850,1304,5735
SZ,000001,2019-06-26 09:47:48,13.3500,5,36064.0000,27,S,13.3500,13.3400,13.3300,13.3200,13.3100,13.3600,13.3700,13.3800,13.3900,13.4000,1461,1394,309,919,371,1972,1171,1850,1307,5735
SZ,000001,2019-06-26 09:47:51,13.3500,12,710224.0000,532,S,13.3500,13.3400,13.3300,13.3200,13.3100,13.3600,13.3700,13.3800,13.3900,13.4000,1054,1394,309,919,391,1964,1171,1850,1307,5735
SZ,000001,2019-06-26 09:47:54,13.3600,7,138944.0000,104,B,13.3500,13.3400,13.3300,13.3200,13.3100,13.3600,13.3700,13.3800,13.3900,13.4000,1070,1394,223,919,391,1899,1171,1850,1307,5735
SZ,000001,2019-06-26 09:47:57,13.3600,7,276528.0000,207,B,13.3500,13.3400,13.3300,13.3200,13.3100,13.3600,13.3700,13.3800,13.3900,13.4000,1064,1394,223,919,391,1705,1171,1847,1307,5751
SZ,000001,2019-06-26 09:48:00,13.3600,8,719648.0000,539,B,13.3500,13.3400,13.3300,13.3200,13.3100,13.3600,13.3700,13.3800,13.3900,13.4000,717,1394,223,919,391,1623,1171,1847,1343,5751
SZ,000001,2019-06-26 09:48:03,13.3500,10,917728.0000,687,S,13.3500,13.3400,13.3300,13.3200,13.3100,13.3600,13.3700,13.3800,13.3900,13.4000,625,1394,223,919,374,1105,1171,1847,1343,5751
SZ,000001,2019-06-26 09:48:06,13.3600,17,215088.0000,161,B,13.3500,13.3400,13.3300,13.3200,13.3100,13.3600,13.3700,13.3800,13.3900,13.4000,620,1394,223,919,374,1054,1171,1847,1343,5751
SZ,000001,2019-06-26 09:48:09,13.3600,9,69440.0000,52,B,13.3500,13.3400,13.3300,13.3200,13.3100,13.3600,13.3700,13.3800,13.3900,13.4000,593,1394,223,919,374,1055,1166,1847,1343,5751
SZ,000001,2019-06-26 09:48:12,13.3600,5,152208.0000,114,B,13.3500,13.3400,13.3300,13.3200,13.3100,13.3600,13.3700,13.3800,13.3900,13.4000,498,1394,223,919,374,1052,1166,1847,1343,5764
SZ,000001,2019-06-26 09:48:15,13.3500,5,186928.0000,140,S,13.3500,13.3400,13.3300,13.3200,13.3100,13.3600,13.3700,13.3800,13.3900,13.4000,392,1394,223,919,374,1029,1166,1847,1347,5764
SZ,000001,2019-06-26 09:48:18,13.3600,5,78832.0000,59,B,13.3500,13.3400,13.3300,13.3200,13.3100,13.3600,13.3700,13.3800,13.3900,13.4000,394,1394,221,919,374,978,1166,1847,1347,5764
SZ,000001,2019-06-26 09:48:21,13.3600,1,24048.0000,18,B,13.3500,13.3400,13.3300,13.3200,13.3100,13.3600,13.3700,13.3800,13.3900,13.4000,485,1394,221,919,374,1012,1166,1847,1349,5764
SZ,000001,2019-06-26 09:48:24,13.3500,4,17360.0000,13,S,13.3500,13.3400,13.3300,13.3200,13.3100,13.3600,13.3700,13.3800,13.3900,13.4000,493,1344,222,919,374,1008,1176,1846,1349,5764
SZ,000001,2019-06-26 09:48:27,13.3600,2,17360.0000,13,B,13.3500,13.3400,13.3300,13.3200,13.3100,13.3600,13.3700,13.3800,13.3900,13.4000,548,1344,222,919,374,1003,1176,1846,1349,5764
SZ,000001,2019-06-26 09:48:30,13.3500,2,22704.0000,17,S,13.3500,13.3400,13.3300,13.3200,13.3100,13.3600,13.3700,13.3800,13.3900,13.4000,535,1344,222,919,374,1067,1176,1846,1349,5964
SZ,000001,2019-06-26 09:48:33,13.3600,4,199056.0000,149,B,13.3500,13.3400,13.3300,13.3200,13.3100,13.3600,13.3700,13.3800,13.3900,13.4000,545,1344,222,919,374,929,1186,1846,1349,5964
SZ,000001,2019-06-26 09:48:36,13.3600,17,291168.0000,218,B,13.3500,13.3400,13.3300,13.3200,13.3100,13.3600,13.3700,13.3800,13.3900,13.4000,697,1344,222,919,384,779,1186,1846,1349,5984
SZ,000001,2019-06-26 09:48:39,13.3600,14,221792.0000,166,B,13.3500,13.3400,13.3300,13.3200,13.3100,13.3600,13.3700,13.3800,13.3900,13.4000,714,1344,22,919,384,629,1202,1846,1349,5984
SZ,000001,2019-06-26 09:48:42,13.3600,19,180352.0000,135,B,13.3500,13.3400,13.3300,13.3200,13.3100,13.3600,13.3700,13.3800,13.3900,13.4000,740,1342,22,919,374,646,1212,1836,1449,5984
SZ,000001,2019-06-26 09:48:45,13.3500,42,1345696.0000,1007,S,13.3500,13.3400,13.3300,13.3200,13.3100,13.3600,13.3700,13.3800,13.3900,13.4000,727,1342,22,919,374,115,856,1836,1469,5998
SZ,000001,2019-06-26 09:48:48,13.3600,20,396768.0000,297,B,13.3500,13.3400,13.3300,13.3200,13.3100,13.3600,13.3700,13.3800,13.3900,13.4000,763,1342,22,919,374,41,856,1836,1464,5998
SZ,000001,2019-06-26 09:48:51,13.3500,7,148272.0000,111,S,13.3500,13.3400,13.3300,13.3200,13.3100,13.3600,13.3700,13.3800,13.3900,13.4000,747,1362,22,117,374,10,994,1846,1504,5998
SZ,000001,2019-06-26 09:48:54,13.3600,6,32064.0000,24,B,13.3600,13.3500,13.3400,13.3300,13.3200,13.3700,13.3800,13.3900,13.4000,13.4100,578,747,1362,42,117,1001,1846,1504,5998,2391
SZ,000001,2019-06-26 09:48:57,13.3600,4,69504.0000,52,S,13.3600,13.3500,13.3400,13.3300,13.3200,13.3700,13.3800,13.3900,13.4000,13.4100,739,627,1362,42,117,977,1851,1574,5998,2391
SZ,000001,2019-06-26 09:49:00,13.3700,7,76160.0000,57,B,13.3600,13.3500,13.3400,13.3300,13.3200,13.3700,13.3800,13.3900,13.4000,13.4100,895,671,1362,842,117,973,1751,1574,5998,2391
SZ,000001,2019-06-26 09:49:03,13.3600,13,76192.0000,57,S,13.3600,13.3500,13.3400,13.3300,13.3200,13.3700,13.3800,13.3900,13.4000,13.4100,903,681,1362,842,104,925,1451,1574,5998,2391
SZ,000001,2019-06-26 09:49:06,13.3700,2,153760.0000,115,B,13.3600,13.3500,13.3400,13.3300,13.3200,13.3700,13.3800,13.3900,13.4000,13.4100,1794,679,1362,842,104,860,1451,1574,5998,2391
SZ,000001,2019-06-26 09:49:09,13.3700,17,377024.0000,282,B,13.3600,13.3500,13.3400,13.3300,13.3200,13.3700,13.3800,13.3900,13.4000,13.4100,1858,679,1362,842,104,583,1451,1574,5998,2391
SZ,000001,2019-06-26 09:49:12,13.3700,29,429184.0000,321,B,13.3600,13.3500,13.3400,13.3300,13.3200,13.3700,13.3800,13.3900,13.4000,13.4100,1853,672,1362,842,104,270,1451,1593,5998,2391
SZ,000001,2019-06-26 09:49:15,13.3700,19,362064.0000,271,B,13.3700,13.3600,13.3500,13.3400,13.3300,13.3800,13.3900,13.4000,13.4100,13.4200,297,2562,662,1362,842,1451,1693,5998,2391,2099
SZ,000001,2019-06-26 09:49:18,13.3800,6,183248.0000,137,B,13.3700,13.3600,13.3500,13.3400,13.3300,13.3800,13.3900,13.4000,13.4100,13.4200,473,2384,628,1362,842,1393,1693,5998,2391,2099
SZ,000001,2019-06-26 09:49:21,13.3700,5,64176.0000,48,S,13.3700,13.3600,13.3500,13.3400,13.3300,13.3800,13.3900,13.4000,13.4100,13.4200,453,2444,635,1362,842,1409,1689,6008,2391,2099
SZ,000001,2019-06-26 09:49:24,13.3800,7,40128.0000,30,B,13.3700,13.3600,13.3500,13.3400,13.3300,13.3800,13.3900,13.4000,13.4100,13.4200,685,2444,635,1368,842,1417,1694,6008,2391,2099
SZ,000001,2019-06-26 09:49:27,13.3800,38,1675168.0000,1252,B,13.3700,13.3600,13.3500,13.3400,13.3300,13.3800,13.3900,13.4000,13.4100,13.4200,679,2447,621,1368,842,185,1694,6453,2391,2099
SZ,000001,2019-06-26 09:49:30,13.3800,22,382736.0000,286,B,13.3800,13.3700,13.3600,13.3500,13.3400,13.3900,13.4000,13.4100,13.4200,13.4300,116,878,2367,621,1368,1621,6449,2391,2099,1733
SZ,000001,2019-06-26 09:49:33,13.3900,10,369488.0000,276,B,13.3800,13.3700,13.3600,13.3500,13.3400,13.3900,13.4000,13.4100,13.4200,13.4300,168,702,2342,632,1368,1437,6449,2391,2099,1733
SZ,000001,2019-06-26 09:49:36,13.3900,1,10704.0000,8,B,13.3800,13.3700,13.3600,13.3500,13.3400,13.3900,13.4000,13.4100,13.4200,13.4300,425,739,2342,632,1368,1929,6449,2391,2099,1733
SZ,000001,2019-06-26 09:49:39,13.3900,5,30800.0000,23,B,13.3800,13.3700,13.3600,13.3500,13.3400,13.3900,13.4000,13.4100,13.4200,13.4300,425,604,2361,632,1368,1906,6449,2391,2099,1733
SZ,000001,2019-06-26 09:49:42,13.3800,25,1037264.0000,775,S,13.3700,13.3600,13.3500,13.3400,13.3300,13.3800,13.3900,13.4000,13.4100,13.4200,370,2361,632,1368,819,532,1592,6449,2391,2099
SZ,000001,2019-06-26 09:49:45,13.3800,7,149856.0000,112,B,13.3700,13.3600,13.3500,13.3400,13.3300,13.3800,13.3900,13.4000,13.4100,13.4200,432,2361,621,1368,819,550,1600,6449,2391,2099
SZ,000001,2019-06-26 09:49:48,13.3700,5,86944.0000,65,S,13.3700,13.3600,13.3500,13.3400,13.3300,13.3800,13.3900,13.4000,13.4100,13.4200,423,2359,610,1368,819,533,1634,6514,2391,2099
SZ,000001,2019-06-26 09:49:51,13.3800,7,116384.0000,87,B,13.3700,13.3600,13.3500,13.3400,13.3300,13.3800,13.3900,13.4000,13.4100,13.4200,400,1704,595,1368,819,571,1721,6515,2391,2099
SZ,000001,2019-06-26 09:49:54,13.3800,3,155216.0000,116,B,13.3700,13.3600,13.3500,13.3400,13.3300,13.3800,13.3900,13.4000,13.4100,13.4200,464,1704,609,1368,819,462,1848,6115,2391,2099
SZ,000001,2019-06-26 09:49:57,13.3700,9,248864.0000,186,S,13.3700,13.3600,13.3500,13.3400,13.3300,13.3800,13.3900,13.4000,13.4100,13.4200,511,1704,609,1368,819,332,1848,6115,2391,2099
SZ,000001,2019-06-26 09:50:00,13.3800,20,500416.0000,374,B,13.3800,13.3700,13.3600,13.3500,13.3400,13.3900,13.4000,13.4100,13.4200,13.4300,1311,521,1693,617,1378,2203,6135,2391,2099,1731
SZ,000001,2019-06-26 09:50:03,13.3800,8,338576.0000,253,S,13.3800,13.3700,13.3600,13.3500,13.3400,13.3900,13.4000,13.4100,13.4200,13.4300,1271,381,1693,617,1378,2132,6135,2391,2099,1731
SZ,000001,2019-06-26 09:50:06,13.3800,7,169968.0000,127,S,13.3800,13.3700,13.3600,13.3500,13.3400,13.3900,13.4000,13.4100,13.4200,13.4300,1265,1130,1693,617,1378,2115,6175,2391,2099,1731
SZ,000001,2019-06-26 09:50:09,13.3900,2,20080.0000,15,B,13.3800,13.3700,13.3600,13.3500,13.3400,13.3900,13.4000,13.4100,13.4200,13.4300,1275,1140,1693,618,1378,2100,6185,2389,2099,1731
SZ,000001,2019-06-26 09:50:12,13.3900,1,12048.0000,9,B,13.3800,13.3700,13.3600,13.3500,13.3400,13.3900,13.4000,13.4100,13.4200,13.4300,1309,1148,1693,618,1378,2150,6185,2389,2099,1731
SZ,000001,2019-06-26 09:50:15,13.3900,5,49536.0000,37,B,13.3800,13.3700,13.3600,13.3500,13.3400,13.3900,13.4000,13.4100,13.4200,13.4300,1311,1138,1683,618,1378,2224,6180,2389,2099,1731
SZ,000001,2019-06-26 09:50:18,13.3900,17,166048.0000,124,B,13.3800,13.3700,13.3600,13.3500,13.3400,13.3900,13.4000,13.4100,13.4200,13.4300,1324,1138,1683,618,1378,2115,6077,2389,2099,1731
SZ,000001,2019-06-26 09:50:21,13.3900,6,186080.0000,139,B,13.3800,13.3700,13.3600,13.3500,13.3400,13.3900,13.4000,13.4100,13.4200,13.4300,1291,1133,1683,618,76,2014,6077,2389,2094,1731
SZ,000001,2019-06-26 09:50:24,13.3900,14,208880.0000,156,B,13.3800,13.3700,13.3600,13.3500,13.3400,13.3900,13.4000,13.4100,13.4200,13.4300,1286,1133,1683,618,76,1888,6046,2389,2102,1731
SZ,000001,2019-06-26 09:50:27,13.3800,8,68288.0000,51,S,13.3800,13.3700,13.3600,13.3500,13.3400,13.3900,13.4000,13.4100,13.4200,13.4300,1333,1133,1683,663,66,2262,6039,2389,2102,1732
SZ,000001,2019-06-26 09:50:30,13.3900,40,2044560.0000,1527,B,13.3800,13.3700,13.3600,13.3500,13.3400,13.3900,13.4000,13.4100,13.4200,13.4300,1251,1130,1683,663,66,842,6029,2390,2102,1732
SZ,000001,2019-06-26 09:50:33,13.3900,19,405728.0000,303,B,13.3800,13.3700,13.3600,13.3500,13.3400,13.3900,13.4000,13.4100,13.4200,13.4300,1267,1130,1683,663,56,571,6043,2396,2102,1732
SZ,000001,2019-06-26 09:50:36,13.3900,31,1065840.0000,796,B,13.3800,13.3700,13.3600,13.3500,13.3400,13.3900,13.4000,13.4100,13.4200,13.4300,1286,1120,1683,663,56,74,6034,2396,2102,1732
SZ,000001,2019-06-26 09:50:39,13.4000,13,160704.0000,120,B,13.3900,13.3800,13.3700,13.3600,13.3500,13.4000,13.4100,13.4200,13.4300,13.4400,899,1326,1113,1683,663,6011,2396,2102,1732,3022
SZ,000001,2019-06-26 09:50:42,13.4000,11,134000.0000,100,B,13.3900,13.3800,13.3700,13.3600,13.3500,13.4000,13.4100,13.4200,13.4300,13.4400,959,1205,1122,1683,650,5921,2396,2102,1732,3022
SZ,000001,2019-06-26 09:50:45,13.3900,4,37488.0000,28,S,13.3900,13.3800,13.3700,13.3600,13.3500,13.4000,13.4100,13.4200,13.4300,13.4400,1088,1205,1120,1683,647,5914,2376,2102,1732,3042
SZ,000001,2019-06-26 09:50:48,13.3900,13,502208.0000,375,S,13.3900,13.3800,13.3700,13.3600,13.3500,13.4000,13.4100,13.4200,13.4300,13.4400,801,1186,1114,1683,647,5874,2376,2102,1786,3042
SZ,000001,2019-06-26 09:50:51,13.3900,14,160784.0000,120,S,13.3900,13.3800,13.3700,13.3600,13.3500,13.4000,13.4100,13.4200,13.4300,13.4400,824,1286,1084,1683,647,5779,2376,2102,1786,3042
SZ,000001,2019-06-26 09:50:54,13.4000,11,330928.0000,247,B,13.3900,13.3800,13.3700,13.3600,13.3500,13.4000,13.4100,13.4200,13.4300,13.4400,782,1286,1084,1683,647,5611,2376,2102,1786,3042
SZ,000001,2019-06-26 09:50:57,13.3900,33,596080.0000,445,S,13.3900,13.3800,13.3700,13.3600,13.3500,13.4000,13.4100,13.4200,13.4300,13.4400,852,1286,1076,1683,647,5389,2370,2102,1791,3042
SZ,000001,2019-06-26 09:51:00,13.3900,25,310784.0000,232,S,13.3900,13.3800,13.3700,13.3600,13.3500,13.4000,13.4100,13.4200,13.4300,13.4400,742,1286,1076,1683,627,5283,2370,2102,1791,3042
SZ,000001,2019-06-26 09:51:03,13.4000,19,424704.0000,317,B,13.3900,13.3800,13.3700,13.3600,13.3500,13.4000,13.4100,13.4200,13.4300,13.4400,691,1289,1076,1683,577,5069,2370,2102,1793,3042
SZ,000001,2019-06-26 09:51:06,13.3900,8,109856.0000,82,S,13.3900,13.3800,13.3700,13.3600,13.3500,13.4000,13.4100,13.4200,13.4300,13.4400,686,1289,1076,1683,357,5041,2370,2112,1803,3066
SZ,000001,2019-06-26 09:51:09,13.3900,20,424544.0000,317,S,13.3900,13.3800,13.3700,13.3600,13.3500,13.4000,13.4100,13.4200,13.4300,13.4400,600,1289,1078,1685,357,4996,2370,2144,1803,3066
SZ,000001,2019-06-26 09:51:12,13.4000,7,104448.0000,78,B,13.3900,13.3800,13.3700,13.3600,13.3500,13.4000,13.4100,13.4200,13.4300,13.4400,616,1289,1068,1685,367,5000,2370,2144,1803,3063
SZ,000001,2019-06-26 09:51:15,13.4000,11,125888.0000,94,B,13.3900,13.3800,13.3700,13.3600,13.3500,13.4000,13.4100,13.4200,13.4300,13.4400,596,1289,364,1685,367,5010,2396,2144,1803,3063
SZ,000001,2019-06-26 09:51:18,13.4000,9,207552.0000,155,B,13.3900,13.3800,13.3700,13.3600,13.3500,13.4000,13.4100,13.4200,13.4300,13.4400,447,1299,362,1685,366,5054,2396,2136,1803,3063
SZ,000001,2019-06-26 09:51:21,13.3900,26,756640.0000,565,S,13.3800,13.3700,13.3600,13.3500,13.3400,13.3900,13.4000,13.4100,13.4200,13.4300,1299,362,1685,371,56,61,4982,2382,2096,1803
SZ,000001,2019-06-26 09:51:24,13.4000,13,455440.0000,340,B,13.3900,13.3800,13.3700,13.3600,13.3500,13.4000,13.4100,13.4200,13.4300,13.4400,429,1360,307,1685,371,4802,2382,2095,1803,3072
SZ,000001,2019-06-26 09:51:27,13.3900,9,723152.0000,540,S,13.3900,13.3800,13.3700,13.3600,13.3500,13.4000,13.4100,13.4200,13.4300,13.4400,26,1299,307,1685,421,4702,2382,2097,1805,3072
SZ,000001,2019-06-26 09:51:30,13.4000,3,100512.0000,75,B,13.3900,13.3800,13.3700,13.3600,13.3500,13.4000,13.4100,13.4200,13.4300,13.4400,770,1299,307,1685,491,4665,2082,2097,1805,3072
SZ,000001,2019-06-26 09:51:33,13.3900,13,435232.0000,325,S,13.3900,13.3800,13.3700,13.3600,13.3500,13.4000,13.4100,13.4200,13.4300,13.4400,508,1249,307,1535,501,4726,2082,2097,1805,3074
SZ,000001,2019-06-26 09:51:36,13.4000,5,125952.0000,94,B,13.3900,13.3800,13.3700,13.3600,13.3500,13.4000,13.4100,13.4200,13.4300,13.4400,660,1249,307,1535,501,4651,2082,2117,1805,3074
SZ,000001,2019-06-26 09:51:39,13.4000,14,941472.0000,703,B,13.3900,13.3800,13.3700,13.3600,13.3500,13.4000,13.4100,13.4200,13.4300,13.4400,162,1249,309,1535,501,4503,2082,2117,1816,3074
SZ,000001,2019-06-26 09:51:42,13.4000,9,1388240.0000,1036,B,13.3900,13.3800,13.3700,13.3600,13.3500,13.4000,13.4100,13.4200,13.4300,13.4400,204,1249,309,1535,501,3508,2082,2117,1816,3074
SZ,000001,2019-06-26 09:51:45,13.4000,22,1017856.0000,760,B,13.3900,13.3800,13.3700,13.3600,13.3500,13.4000,13.4100,13.4200,13.4300,13.4400,298,1249,309,1535,501,3303,2082,2117,1830,3074
SZ,000001,2019-06-26 09:51:48,13.4000,7,1538304.0000,1148,B,13.3900,13.3800,13.3700,13.3600,13.3500,13.4000,13.4100,13.4200,13.4300,13.4400,845,1249,309,1535,501,2145,2101,2117,1830,3080
SZ,000001,2019-06-26 09:51:51,13.3900,16,764848.0000,571,S,13.3900,13.3800,13.3700,13.3600,13.3500,13.4000,13.4100,13.4200,13.4300,13.4400,545,1209,309,1535,501,1905,2101,2117,1830,3080
SZ,000001,2019-06-26 09:51:54,13.4000,5,388592.0000,290,B,13.3900,13.3800,13.3700,13.3600,13.3500,13.4000,13.4100,13.4200,13.4300,13.4400,898,1214,309,1543,501,1674,2101,2117,1830,3085
SZ,000001,2019-06-26 09:51:57,13.4000,22,790608.0000,590,B,13.3900,13.3800,13.3700,13.3600,13.3500,13.4000,13.4100,13.4200,13.4300,13.4400,895,1211,309,1543,501,1082,2101,2117,1830,3085
SZ,000001,2019-06-26 09:52:00,13.4000,29,612352.0000,457,B,13.3900,13.3800,13.3700,13.3600,13.3500,13.4000,13.4100,13.4200,13.4300,13.4400,929,1211,309,1543,501,1310,2101,2117,1830,3085
SZ,000001,2019-06-26 09:52:03,13.3900,31,324288.0000,242,S,13.3900,13.3800,13.3700,13.3600,13.3500,13.4000,13.4100,13.4200,13.4300,13.4400,957,1211,309,1538,501,1070,2101,2127,1830,3485
SZ,000001,2019-06-26 09:52:06,13.3900,20,261280.0000,195,S,13.3900,13.3800,13.3700,13.3600,13.3500,13.4000,13.4100,13.4200,13.4300,13.4400,955,1201,309,1538,501,980,2101,2156,1835,3485
SZ,000001,2019-06-26 09:52:09,13.3900,25,1007664.0000,752,S,13.3900,13.3800,13.3700,13.3600,13.3500,13.4000,13.4100,13.4200,13.4300,13.4400,988,1201,299,1538,501,458,2101,2156,2135,3485
SZ,000001,2019-06-26 09:52:12,13.4000,33,648512.0000,484,B,13.3900,13.3800,13.3700,13.3600,13.3500,13.4000,13.4100,13.4200,13.4300,13.4400,939,1195,299,1538,501,159,2111,2156,2150,3485
SZ,000001,2019-06-26 09:52:15,13.4000,12,162128.0000,121,B,13.3900,13.3800,13.3700,13.3600,13.3500,13.4000,13.4100,13.4200,13.4300,13.4400,928,1195,299,1538,498,173,2111,2157,2150,3485
SZ,000001,2019-06-26 09:52:18,13.4000,14,191616.0000,143,B,13.3900,13.3800,13.3700,13.3600,13.3500,13.4000,13.4100,13.4200,13.4300,13.4400,918,1195,299,1538,498,65,2141,2157,2150,3495
SZ,000001,2019-06-26 09:52:21,13.3900,10,75040.0000,56,S,13.3900,13.3800,13.3700,13.3600,13.3500,13.4000,13.4100,13.4200,13.4300,13.4400,969,1195,299,1538,498,100,2160,2157,2130,3495
SZ,000001,2019-06-26 09:52:24,13.3900,3,29456.0000,22,S,13.3900,13.3800,13.3700,13.3600,13.3500,13.4000,13.4100,13.4200,13.4300,13.4400,968,1204,299,1538,498,140,2170,2208,2130,3495
SZ,000001,2019-06-26 09:52:27,13.4000,10,85760.0000,64,B,13.3900,13.3800,13.3700,13.3600,13.3500,13.4000,13.4100,13.4200,13.4300,13.4400,966,1204,299,1538,505,128,2170,2228,2130,3495
SZ,000001,2019-06-26 09:52:30,13.4000,19,204976.0000,153,B,13.3900,13.3800,13.3700,13.3600,13.3500,13.4000,13.4100,13.4200,13.4300,13.4400,948,1352,299,1541,505,15,2170,2234,2130,3495
SZ,000001,2019-06-26 09:52:33,13.3900,10,184832.0000,138,S,13.3900,13.3800,13.3700,13.3600,13.3500,13.4000,13.4100,13.4200,13.4300,13.4400,863,1352,299,1541,505,193,2170,2234,2130,3495
SZ,000001,2019-06-26 09:52:36,13.3800,54,2912384.0000,2176,S,13.3800,13.3700,13.3600,13.3500,13.3400,13.3900,13.4000,13.4100,13.4200,13.4300,56,299,1541,506,129,127,269,2170,2250,2130
SZ,000001,2019-06-26 09:52:39,13.3900,23,595792.0000,445,B,13.3800,13.3700,13.3600,13.3500,13.3400,13.3900,13.4000,13.4100,13.4200,13.4300,50,299,1546,506,124,130,208,2170,2250,2130
SZ,000001,2019-06-26 09:52:42,13.3900,8,69632.0000,52,B,13.3800,13.3700,13.3600,13.3500,13.3400,13.3900,13.4000,13.4100,13.4200,13.4300,41,299,1546,506,124,234,336,2170,2250,2130
SZ,000001,2019-06-26 09:52:45,13.3800,5,108368.0000,81,S,13.3700,13.3600,13.3500,13.3400,13.3300,13.3800,13.3900,13.4000,13.4100,13.4200,299,1546,506,124,815,25,501,344,2215,2250
SZ,000001,2019-06-26 09:52:48,13.4100,51,3686144.0000,2750,B,13.3700,13.3600,13.3500,13.3400,13.3300,13.4000,13.4100,13.4200,13.4300,13.4400,383,1546,506,125,815,160,415,2250,2130,3551
SZ,000001,2019-06-26 09:52:51,13.3800,14,807920.0000,603,S,13.3800,13.3700,13.3600,13.3500,13.3400,13.4000,13.4100,13.4200,13.4300,13.4400,21,405,1561,506,125,339,415,2250,2130,3551
SZ,000001,2019-06-26 09:52:54,13.3900,3,24112.0000,18,B,13.3800,13.3700,13.3600,13.3500,13.3400,13.3900,13.4000,13.4100,13.4200,13.4300,105,321,1561,529,125,3,83,435,2250,2130
SZ,000001,2019-06-26 09:52:57,13.4200,84,3758256.0000,2801,B,13.3900,13.3800,13.3700,13.3600,13.3500,13.4100,13.4200,13.4300,13.4400,13.4500,104,43,290,1561,529,15,8,2154,3551,1623
SZ,000001,2019-06-26 09:53:00,13.4000,15,247952.0000,185,S,13.4000,13.3900,13.3800,13.3700,13.3600,13.4100,13.4300,13.4400,13.4500,13.4600,38,192,36,510,1561,35,2136,3551,1623,624
SZ,000001,2019-06-26 09:53:03,13.4100,6,92496.0000,69,B,13.4100,13.4000,13.3900,13.3800,13.3700,13.4200,13.4300,13.4400,13.4500,13.4600,12,51,166,63,510,4,2136,3551,1623,624
SZ,000001,2019-06-26 09:53:06,13.4200,33,788960.0000,588,B,13.4200,13.4100,13.4000,13.3900,13.3800,13.4300,13.4400,13.4500,13.4600,13.4700,63,32,49,155,63,2131,3551,1623,624,525
SZ,000001,2019-06-26 09:53:09,13.4200,31,540768.0000,403,S,13.4100,13.4000,13.3900,13.3800,13.3700,13.4200,13.4300,13.4400,13.4500,13.4600,14,19,155,63,710,405,2121,3551,1623,624
SZ,000001,2019-06-26 09:53:12,13.4100,5,40224.0000,30,S,13.4000,13.3900,13.3800,13.3700,13.3600,13.4100,13.4200,13.4300,13.4400,13.4500,19,155,63,710,1561,11,564,2098,3551,1623
SZ,000001,2019-06-26 09:53:15,13.4300,36,1167600.0000,870,B,13.4000,13.3900,13.3800,13.3700,13.3600,13.4300,13.4400,13.4500,13.4600,13.4700,14,155,63,710,1561,1980,3551,1623,624,528
SZ,000001,2019-06-26 09:53:18,13.4300,6,143616.0000,107,B,13.4100,13.4000,13.3900,13.3800,13.3700,13.4200,13.4300,13.4400,13.4500,13.4600,1011,99,155,53,710,207,2062,3551,1631,624
SZ,000001,2019-06-26 09:53:21,13.4100,10,148944.0000,111,S,13.4100,13.4000,13.3900,13.3800,13.3700,13.4200,13.4300,13.4400,13.4500,13.4600,1070,69,155,253,710,375,2005,3551,1631,624
SZ,000001,2019-06-26 09:53:24,13.4100,70,2805072.0000,2089,S,13.4100,13.4000,13.3900,13.3800,13.3700,13.4300,13.4400,13.4500,13.4600,13.4700,1060,69,155,253,710,416,3551,1652,594,534
SZ,000001,2019-06-26 09:53:27,13.4200,9,213440.0000,159,B,13.4100,13.4000,13.3900,13.3800,13.3700,13.4200,13.4300,13.4400,13.4500,13.4600,1019,69,155,241,710,5,339,3554,1662,603
SZ,000001,2019-06-26 09:53:30,13.4300,8,190576.0000,142,B,13.4200,13.4100,13.4000,13.3900,13.3800,13.4300,13.4400,13.4500,13.4600,13.4700,47,1001,89,155,243,500,3554,1662,603,540
SZ,000001,2019-06-26 09:53:33,13.4100,43,620272.0000,462,S,13.4100,13.4000,13.3900,13.3800,13.3700,13.4200,13.4300,13.4400,13.4500,13.4600,925,89,157,244,710,91,240,3562,1647,603
SZ,000001,2019-06-26 09:53:36,13.4300,75,5470304.0000,4071,B,13.4200,13.4100,13.4000,13.3900,13.3800,13.4300,13.4400,13.4500,13.4600,13.4700,16,960,89,157,244,416,472,1638,603,555
SZ,000001,2019-06-26 09:53:39,13.4300,37,897040.0000,668,B,13.4300,13.4200,13.4100,13.4000,13.3900,13.4400,13.4500,13.4600,13.4700,13.4800,1,55,965,89,157,480,1638,616,555,2734
SZ,000001,2019-06-26 09:53:42,13.4300,15,326496.0000,243,S,13.4300,13.4200,13.4100,13.4000,13.3900,13.4400,13.4500,13.4600,13.4700,13.4800,43,32,965,89,118,426,1580,616,555,2738
SZ,000001,2019-06-26 09:53:45,13.4200,12,108784.0000,81,S,13.4200,13.4100,13.4000,13.3900,13.3800,13.4400,13.4500,13.4600,13.4700,13.4800,567,965,89,118,243,515,1588,616,555,2738
SZ,000001,2019-06-26 09:53:48,13.4300,3,21504.0000,16,B,13.4200,13.4100,13.4000,13.3900,13.3800,13.4300,13.4400,13.4500,13.4600,13.4700,567,965,89,118,243,240,1043,1578,638,555
SZ,000001,2019-06-26 09:53:51,13.4300,4,30864.0000,23,B,13.4200,13.4100,13.4000,13.3900,13.3800,13.4300,13.4400,13.4500,13.4600,13.4700,647,965,89,118,246,240,1063,1588,638,555
SZ,000001,2019-06-26 09:53:54,13.4300,84,3379488.0000,2514,B,13.4300,13.4200,13.4100,13.4000,13.3900,13.4500,13.4600,13.4700,13.4800,13.4900,210,671,960,89,118,561,633,565,2748,2186
SZ,000001,2019-06-26 09:53:57,13.4400,15,411152.0000,306,B,13.4400,13.4300,13.4200,13.4100,13.4000,13.4500,13.4600,13.4700,13.4800,13.4900,26,69,677,960,89,544,643,565,2748,2191
SZ,000001,2019-06-26 09:54:00,13.4600,82,3003712.0000,2232,B,13.4600,13.4500,13.4400,13.4300,13.4200,13.4700,13.4800,13.4900,13.5000,13.5100,366,29,26,156,677,666,2748,2191,2450,170
SZ,000001,2019-06-26 09:54:03,13.4700,37,724560.0000,538,B,13.4600,13.4500,13.4400,13.4300,13.4200,13.4700,13.4800,13.4900,13.5000,13.5100,295,1,20,194,677,311,2748,2199,2450,170
SZ,000001,2019-06-26 09:54:06,13.4600,13,265216.0000,197,S,13.4600,13.4500,13.4400,13.4300,13.4200,13.4700,13.4800,13.4900,13.5000,13.5100,154,1,20,230,677,345,2778,2002,2450,170
SZ,000001,2019-06-26 09:54:09,13.4500,25,305600.0000,227,S,13.4400,13.4300,13.4200,13.4100,13.4000,13.4500,13.4600,13.4700,13.4800,13.4900,20,230,677,971,1362,498,18,598,2878,2002
SZ,000001,2019-06-26 09:54:12,13.4500,10,679216.0000,505,B,13.4500,13.4400,13.4300,13.4200,13.4100,13.4600,13.4700,13.4800,13.4900,13.5000,184,94,230,677,971,56,710,801,2002,2445
SZ,000001,2019-06-26 09:54:15,13.4500,36,814848.0000,605,S,13.4500,13.4400,13.4300,13.4200,13.4100,13.4600,13.4700,13.4800,13.4900,13.5000,228,63,240,672,956,203,454,801,2006,2445
SZ,000001,2019-06-26 09:54:18,13.4500,18,312208.0000,232,S,13.4500,13.4400,13.4300,13.4200,13.4100,13.4600,13.4700,13.4800,13.4900,13.5000,199,638,240,672,956,168,482,831,2001,2449
SZ,000001,2019-06-26 09:54:21,13.4600,27,581344.0000,432,B,13.4500,13.4400,13.4300,13.4200,13.4100,13.4600,13.4700,13.4800,13.4900,13.5000,22,638,240,672,956,45,1839,1231,2001,2459
SZ,000001,2019-06-26 09:54:24,13.4600,20,253152.0000,188,B,13.4600,13.4500,13.4400,13.4300,13.4200,13.4700,13.4800,13.4900,13.5000,13.5100,29,194,625,204,677,1840,1416,2057,2469,173
SZ,000001,2019-06-26 09:54:27,13.4500,35,1061552.0000,789,S,13.4400,13.4300,13.4200,13.4100,13.4000,13.4500,13.4600,13.4700,13.4800,13.4900,340,649,677,961,1362,27,667,1602,1749,2107
SZ,000001,2019-06-26 09:54:30,13.4500,18,243520.0000,181,B,13.4500,13.4400,13.4300,13.4200,13.4100,13.4600,13.4700,13.4800,13.4900,13.5000,154,402,649,677,966,824,1808,1764,2107,2373
SZ,000001,2019-06-26 09:54:33,13.4600,10,269168.0000,200,B,13.4500,13.4400,13.4300,13.4200,13.4100,13.4600,13.4700,13.4800,13.4900,13.5000,165,445,649,677,966,795,1804,1774,2108,2373
SZ,000001,2019-06-26 09:54:36,13.4600,25,908400.0000,675,B,13.4500,13.4400,13.4300,13.4200,13.4100,13.4600,13.4700,13.4800,13.4900,13.5000,16,445,649,677,966,1770,1700,1802,2108,2373
SZ,000001,2019-06-26 09:54:39,13.4600,27,936736.0000,696,B,13.4500,13.4400,13.4300,13.4200,13.4100,13.4600,13.4700,13.4800,13.4900,13.5000,61,486,649,677,981,1391,1700,1707,2108,2373
SZ,000001,2019-06-26 09:54:42,13.4600,20,309408.0000,230,B,13.4400,13.4300,13.4200,13.4100,13.4000,13.4500,13.4600,13.4700,13.4800,13.4900,942,649,677,981,1376,11,1412,1710,2040,2109
SZ,000001,2019-06-26 09:54:45,13.4600,28,511136.0000,380,B,13.4500,13.4400,13.4300,13.4200,13.4100,13.4600,13.4700,13.4800,13.4900,13.5000,191,1092,649,677,981,1405,1728,2047,2109,2478
SZ,000001,2019-06-26 09:54:48,13.4500,8,117056.0000,87,S,13.4500,13.4400,13.4300,13.4200,13.4100,13.4600,13.4700,13.4800,13.4900,13.5000,507,1077,549,697,981,1375,1747,2047,2127,2467
SZ,000001,2019-06-26 09:54:51,13.4500,15,1088896.0000,809,S,13.4500,13.4400,13.4300,13.4200,13.4100,13.4600,13.4700,13.4800,13.4900,13.5000,509,1077,599,697,977,648,1747,2047,2128,2520
SZ,000001,2019-06-26 09:54:54,13.4600,13,316272.0000,235,B,13.4500,13.4400,13.4300,13.4200,13.4100,13.4600,13.4700,13.4800,13.4900,13.5000,469,1077,609,697,2077,475,1727,1714,2128,2513
SZ,000001,2019-06-26 09:54:57,13.4500,13,211248.0000,157,S,13.4500,13.4400,13.4300,13.4200,13.4100,13.4600,13.4700,13.4800,13.4900,13.5000,878,1077,611,697,2077,209,1738,1711,2128,2513
SZ,000001,2019-06-26 09:55:00,13.4500,38,366064.0000,272,S,13.4500,13.4400,13.4300,13.4200,13.4100,13.4600,13.4700,13.4800,13.4900,13.5000,864,1072,611,697,2077,17,1758,1711,2128,2508
SZ,000001,2019-06-26 09:55:03,13.4600,34,869216.0000,646,B,13.4600,13.4500,13.4400,13.4300,13.4200,13.4700,13.4800,13.4900,13.5000,13.5100,460,572,1072,611,697,1762,1731,2128,2508,168
SZ,000001,2019-06-26 09:55:06,13.4600,14,771376.0000,573,S,13.4600,13.4500,13.4400,13.4300,13.4200,13.4700,13.4800,13.4900,13.5000,13.5100,37,603,1072,611,697,1842,1721,2128,2516,168
SZ,000001,2019-06-26 09:55:09,13.4600,25,913104.0000,678,B,13.4500,13.4400,13.4300,13.4200,13.4100,13.4600,13.4700,13.4800,13.4900,13.5000,615,1073,611,697,2105,61,1320,1722,2138,2516
SZ,000001,2019-06-26 09:55:12,13.4600,26,631296.0000,469,B,13.4600,13.4500,13.4400,13.4300,13.4200,13.4700,13.4800,13.4900,13.5000,13.5100,33,733,1073,611,697,1401,1712,2138,2419,207
SZ,000001,2019-06-26 09:55:15,13.4500,20,300272.0000,223,S,13.4500,13.4400,13.4300,13.4200,13.4100,13.4600,13.4700,13.4800,13.4900,13.5000,665,1073,603,697,2105,12,1276,1744,2138,2420
SZ,000001,2019-06-26 09:55:18,13.4600,44,1515136.0000,1125,B,13.4500,13.4400,13.4300,13.4200,13.4100,13.4600,13.4700,13.4800,13.4900,13.5000,627,1073,603,697,2105,39,364,1744,2148,2420
SZ,000001,2019-06-26 09:55:21,13.4700,26,238304.0000,177,B,13.4600,13.4500,13.4400,13.4300,13.4200,13.4700,13.4800,13.4900,13.5000,13.5100,160,713,1073,603,697,339,1744,2148,2419,207
SZ,000001,2019-06-26 09:55:24,13.4600,16,377040.0000,280,S,13.4600,13.4500,13.4400,13.4300,13.4200,13.4700,13.4800,13.4900,13.5000,13.5100,44,655,1083,604,697,375,1796,2148,2419,207
SZ,000001,2019-06-26 09:55:27,13.4600,12,162864.0000,121,S,13.4500,13.4400,13.4300,13.4200,13.4100,13.4600,13.4700,13.4800,13.4900,13.5000,655,1083,604,697,2105,301,718,1856,2150,2429
SZ,000001,2019-06-26 09:55:30,13.4600,5,48464.0000,36,B,13.4500,13.4400,13.4300,13.4200,13.4100,13.4600,13.4700,13.4800,13.4900,13.5000,647,963,604,697,2105,307,812,1856,2160,2445
SZ,000001,2019-06-26 09:55:33,13.4600,7,274576.0000,204,B,13.4500,13.4400,13.4300,13.4200,13.4100,13.4600,13.4700,13.4800,13.4900,13.5000,679,963,604,697,2105,103,1345,1836,2160,2395
SZ,000001,2019-06-26 09:55:36,13.4600,33,1531328.0000,1137,B,13.4500,13.4400,13.4300,13.4200,13.4100,13.4600,13.4700,13.4800,13.4900,13.5000,672,963,604,702,2105,467,397,1836,2160,2405
SZ,000001,2019-06-26 09:55:39,13.4700,26,950448.0000,706,B,13.4500,13.4400,13.4300,13.4200,13.4100,13.4700,13.4800,13.4900,13.5000,13.5100,294,963,604,702,2106,252,1836,2160,2387,207
SZ,000001,2019-06-26 09:55:42,13.4600,9,98256.0000,73,S,13.4500,13.4400,13.4300,13.4200,13.4100,13.4600,13.4700,13.4800,13.4900,13.5000,341,963,614,702,2106,1378,429,1836,2160,2387
SZ,000001,2019-06-26 09:55:45,13.4600,12,340496.0000,253,B,13.4500,13.4400,13.4300,13.4200,13.4100,13.4600,13.4700,13.4800,13.4900,13.5000,284,963,613,702,2106,1220,955,1861,2160,2377
SZ,000001,2019-06-26 09:55:48,13.4500,33,1082736.0000,805,S,13.4400,13.4300,13.4200,13.4100,13.4000,13.4500,13.4600,13.4700,13.4800,13.4900,963,613,702,2106,1582,259,1217,1005,1861,2160
SZ,000001,2019-06-26 09:55:51,13.4600,18,890784.0000,662,B,13.4400,13.4300,13.4200,13.4100,13.4000,13.4600,13.4700,13.4800,13.4900,13.5000,1022,613,702,2106,1582,825,1035,1901,2160,2377
SZ,000001,2019-06-26 09:55:54,13.4500,6,45728.0000,34,S,13.4400,13.4300,13.4200,13.4100,13.4000,13.4500,13.4600,13.4700,13.4800,13.4900,1015,613,712,2096,1582,1626,860,954,1908,2161
SZ,000001,2019-06-26 09:55:57,13.4500,16,434432.0000,323,B,13.4400,13.4300,13.4200,13.4100,13.4000,13.4500,13.4600,13.4700,13.4800,13.4900,1015,613,712,2096,1632,1774,869,975,1908,2160
SZ,000001,2019-06-26 09:56:00,13.4400,9,161360.0000,120,S,13.4400,13.4300,13.4200,13.4100,13.4000,13.4500,13.4600,13.4700,13.4800,13.4900,971,613,712,2096,1632,1773,876,1002,1908,2160
SZ,000001,2019-06-26 09:56:03,13.4500,11,1357104.0000,1009,B,13.4400,13.4300,13.4200,13.4100,13.4000,13.4500,13.4600,13.4700,13.4800,13.4900,1024,613,692,2096,1639,812,1086,1002,1908,2190
SZ,000001,2019-06-26 09:56:06,13.4400,21,898096.0000,668,S,13.4400,13.4300,13.4200,13.4100,13.4000,13.4500,13.4600,13.4700,13.4800,13.4900,725,613,692,2096,1774,834,1079,1042,1941,2194
SZ,000001,2019-06-26 09:56:09,13.4400,36,1197584.0000,891,S,13.4300,13.4200,13.4100,13.4000,13.3900,13.4400,13.4500,13.4600,13.4700,13.4800,575,692,2096,1774,131,40,1783,1079,1052,1941
SZ,000001,2019-06-26 09:56:12,13.4400,14,256704.0000,191,B,13.4300,13.4200,13.4100,13.4000,13.3900,13.4400,13.4500,13.4600,13.4700,13.4800,601,710,2096,1774,131,106,1696,1058,1278,1941
SZ,000001,2019-06-26 09:56:15,13.4400,10,284992.0000,212,B,13.4300,13.4200,13.4100,13.4000,13.3900,13.4400,13.4500,13.4600,13.4700,13.4800,621,710,2096,1774,131,256,1672,1058,1286,1921
SZ,000001,2019-06-26 09:56:18,13.4300,12,299680.0000,223,S,13.4300,13.4200,13.4100,13.4000,13.3900,13.4400,13.4500,13.4600,13.4700,13.4800,582,750,2096,1774,131,168,1718,1053,1286,1919
SZ,000001,2019-06-26 09:56:21,13.4300,4,57760.0000,43,S,13.4300,13.4200,13.4100,13.4000,13.3900,13.4400,13.4500,13.4600,13.4700,13.4800,588,965,2096,1776,131,183,1708,1047,1371,1988
SZ,000001,2019-06-26 09:56:24,13.4500,29,732704.0000,545,B,13.4300,13.4200,13.4100,13.4000,13.3900,13.4500,13.4600,13.4700,13.4800,13.4900,543,965,2096,1675,131,1475,1047,1391,1988,2229
SZ,000001,2019-06-26 09:56:27,13.4300,9,376096.0000,280,S,13.4300,13.4200,13.4100,13.4000,13.3900,13.4500,13.4600,13.4700,13.4800,13.4900,292,974,2096,1718,131,1456,1061,1371,1988,2229
SZ,000001,2019-06-26 09:56:30,13.4500,5,56480.0000,42,B,13.4400,13.4300,13.4200,13.4100,13.4000,13.4500,13.4600,13.4700,13.4800,13.4900,22,292,974,2096,1720,1435,1394,1371,1988,2249
SZ,000001,2019-06-26 09:56:33,13.4300,18,465024.0000,346,S,13.4300,13.4200,13.4100,13.4000,13.3900,13.4500,13.4600,13.4700,13.4800,13.4900,70,974,2096,1720,131,1281,1514,1381,1993,2249
SZ,000001,2019-06-26 09:56:36,13.4300,3,43008.0000,32,S,13.4300,13.4200,13.4100,13.4000,13.3900,13.4400,13.4500,13.4600,13.4700,13.4800,48,974,2099,1722,125,5,1332,1524,1381,1997
SZ,000001,2019-06-26 09:56:39,13.4400,8,61760.0000,46,B,13.4300,13.4200,13.4100,13.4000,13.3900,13.4400,13.4500,13.4600,13.4700,13.4800,118,1033,2099,1722,125,13,1346,1524,1381,1997
SZ,000001,2019-06-26 09:56:42,13.4400,12,237760.0000,177,B,13.4300,13.4200,13.4100,13.4000,13.3900,13.4400,13.4500,13.4600,13.4700,13.4800,250,1530,2099,1722,125,60,1384,1524,1394,2029
SZ,000001,2019-06-26 09:56:45,13.4300,64,4283264.0000,3192,S,13.4100,13.4000,13.3900,13.3800,13.3700,13.4300,13.4400,13.4500,13.4600,13.4700,1064,1725,125,365,661,111,463,1484,1524,1394
SZ,000001,2019-06-26 09:56:48,13.4300,18,2875776.0000,2145,B,13.4200,13.4000,13.3900,13.3800,13.3700,13.4300,13.4400,13.4500,13.4600,13.4700,58,789,125,365,661,15,1012,1477,1554,1398
SZ,000001,2019-06-26 09:56:51,13.4400,8,104768.0000,78,B,13.4200,13.4000,13.3900,13.3800,13.3700,13.4300,13.4400,13.4500,13.4600,13.4700,149,789,125,365,661,96,992,1637,1564,1398
SZ,000001,2019-06-26 09:56:54,13.4200,3,14784.0000,11,S,13.4200,13.4000,13.3900,13.3800,13.3700,13.4300,13.4400,13.4500,13.4600,13.4700,145,798,125,365,661,124,1290,1647,1564,1398
SZ,000001,2019-06-26 09:56:57,13.4300,9,174464.0000,130,B,13.4200,13.4100,13.4000,13.3900,13.3800,13.4300,13.4400,13.4500,13.4600,13.4700,18,497,798,125,365,697,1461,1697,1573,1398
SZ,000001,2019-06-26 09:57:00,13.4300,1,6688.0000,5,B,13.4200,13.4100,13.4000,13.3900,13.3800,13.4300,13.4400,13.4500,13.4600,13.4700,18,497,798,125,365,711,1533,1710,1573,1398
SZ,000001,2019-06-26 09:57:03,13.4200,25,644640.0000,480,S,13.4100,13.4000,13.3900,13.3800,13.3700,13.4200,13.4300,13.4400,13.4500,13.4600,527,798,125,365,661,93,254,1519,1675,1573
SZ,000001,2019-06-26 09:57:06,13.4200,3,32192.0000,24,B,13.4100,13.4000,13.3900,13.3800,13.3700,13.4200,13.4300,13.4400,13.4500,13.4600,527,805,125,365,661,81,254,1519,1675,1573
SZ,000001,2019-06-26 09:57:09,13.4200,15,1353952.0000,1010,B,13.4100,13.4000,13.3900,13.3800,13.3700,13.4200,13.4300,13.4400,13.4500,13.4600,6,332,125,368,718,116,309,1519,1691,1563
SZ,000001,2019-06-26 09:57:12,13.4200,14,240256.0000,179,B,13.4100,13.4000,13.3900,13.3800,13.3700,13.4200,13.4300,13.4400,13.4500,13.4600,5,332,125,368,618,8,281,1539,1693,1568
SZ,000001,2019-06-26 09:57:15,13.4200,6,18752.0000,14,B,13.4100,13.4000,13.3900,13.3800,13.3700,13.4200,13.4300,13.4400,13.4500,13.4600,1,378,135,368,618,18,281,1529,1713,1568
SZ,000001,2019-06-26 09:57:18,13.4200,10,65792.0000,49,B,13.4000,13.3900,13.3800,13.3700,13.3600,13.4200,13.4300,13.4400,13.4500,13.4600,378,128,418,618,641,28,358,1529,1713,1572
SZ,000001,2019-06-26 09:57:21,13.4000,28,684928.0000,511,S,13.3900,13.3800,13.3700,13.3600,13.3500,13.4000,13.4100,13.4200,13.4300,13.4400,200,418,618,641,650,555,5,35,320,1529
SZ,000001,2019-06-26 09:57:24,13.4000,20,924672.0000,690,B,13.4000,13.3900,13.3800,13.3700,13.3600,13.4200,13.4300,13.4400,13.4500,13.4600,60,200,418,618,641,15,200,1447,1670,1582
SZ,000001,2019-06-26 09:57:27,13.4000,39,2741696.0000,2048,S,13.3700,13.3600,13.3500,13.3400,13.3300,13.4000,13.4200,13.4300,13.4400,13.4500,618,641,650,155,140,11,17,200,1447,1665
SZ,000001,2019-06-26 09:57:30,13.4100,17,310816.0000,232,B,13.4100,13.3800,13.3700,13.3600,13.3500,13.4200,13.4300,13.4400,13.4500,13.4600,42,38,638,641,650,3,200,1447,1665,1582
SZ,000001,2019-06-26 09:57:33,13.4000,4,72384.0000,54,S,13.3800,13.3700,13.3600,13.3500,13.3400,13.4000,13.4200,13.4300,13.4400,13.4500,122,652,641,650,255,86,25,200,1507,1658
