市场代码,证券代码,时间,最新价,成交笔数,成交额,成交量,方向,买一价,买二价,买三价,买四价,买五价,卖一价,卖二价,卖三价,卖四价,卖五价,买一量,买二量,买三量,买四量,买五量,卖一量,卖二量,卖三量,卖四量,卖五量
SZ,000001,2019-06-25 09:25:03,13.7200,121,4401376.0000,3208,B,13.7100,13.7000,13.6900,13.6800,13.6700,13.7200,13.7300,13.7400,13.7500,13.7600,9,309,83,132,26,264,801,30,222,531
SZ,000001,2019-06-25 09:30:03,13.6500,112,3178854.0000,2321,S,13.6400,13.6300,13.6200,13.6100,13.6000,13.6500,13.6800,13.6900,13.7000,13.7100,75,30,167,383,1197,231,3,3,555,227
SZ,000001,2019-06-25 09:30:06,13.6500,32,961283.0000,703,B,13.6400,13.6300,13.6200,13.6100,13.6000,13.6500,13.6700,13.7000,13.7100,13.7200,75,33,167,398,1197,37,11,235,340,372
SZ,000001,2019-06-25 09:30:09,13.6400,14,105238.0000,77,S,13.6400,13.6300,13.6200,13.6100,13.6000,13.7000,13.7100,13.7200,13.7300,13.7400,107,33,167,398,1350,212,386,426,889,727
SZ,000001,2019-06-25 09:30:12,13.6400,6,108141.0000,79,S,13.6400,13.6300,13.6200,13.6100,13.6000,13.6900,13.7000,13.7100,13.7200,13.7300,275,33,167,408,1350,137,264,391,533,889
SZ,000001,2019-06-25 09:30:15,13.6400,3,92822.0000,68,S,13.6400,13.6300,13.6200,13.6100,13.6000,13.6900,13.7000,13.7100,13.7200,13.7300,222,33,167,408,1350,643,219,395,520,889
SZ,000001,2019-06-25 09:30:18,13.6500,4,82132.0000,60,B,13.6500,13.6400,13.6300,13.6200,13.6100,13.6900,13.7000,13.7100,13.7200,13.7300,413,327,33,167,408,684,229,395,526,889
SZ,000001,2019-06-25 09:30:21,13.6500,40,1026478.0000,750,S,13.6500,13.6400,13.6300,13.6200,13.6100,13.6800,13.6900,13.7000,13.7100,13.7200,97,239,33,167,408,3,5,224,395,526
SZ,000001,2019-06-25 09:30:24,13.6600,5,31447.0000,23,B,13.6800,13.6600,13.6500,13.6400,13.6300,13.6900,13.7000,13.7100,13.7200,13.7300,1,40,153,239,268,1,224,395,526,889
SZ,000001,2019-06-25 09:30:27,13.7000,17,488188.0000,357,B,13.6900,13.6800,13.6600,13.6500,13.6400,13.7000,13.7100,13.7200,13.7300,13.7400,685,39,1,153,241,223,395,500,889,724
SZ,000001,2019-06-25 09:30:30,13.6900,25,972548.0000,710,S,13.6800,13.6600,13.6500,13.6400,13.6300,13.6900,13.7000,13.7100,13.7200,13.7300,39,1,153,240,268,499,199,349,500,889
SZ,000001,2019-06-25 09:30:33,13.6800,5,51989.0000,38,S,13.6600,13.6500,13.6400,13.6300,13.6200,13.6800,13.6900,13.7000,13.7100,13.7200,1,166,240,68,181,27,641,249,349,395
SZ,000001,2019-06-25 09:30:36,13.6800,6,146376.0000,107,B,13.6600,13.6500,13.6400,13.6300,13.6200,13.6800,13.6900,13.7000,13.7100,13.7200,41,153,240,68,291,121,548,249,349,395
SZ,000001,2019-06-25 09:30:39,13.6600,3,4098.0000,3,S,13.6600,13.6500,13.6400,13.6300,13.6200,13.6800,13.6900,13.7000,13.7100,13.7200,38,153,240,68,291,121,588,249,349,395
SZ,000001,2019-06-25 09:30:42,13.6700,5,84698.0000,62,B,13.6700,13.6500,13.6400,13.6300,13.6200,13.6800,13.6900,13.7000,13.7100,13.7200,85,185,225,68,291,1122,588,248,343,395
SZ,000001,2019-06-25 09:30:45,13.6800,6,38291.0000,28,B,13.6700,13.6500,13.6400,13.6300,13.6200,13.6800,13.6900,13.7000,13.7100,13.7200,60,185,225,33,341,1130,588,298,328,395
SZ,000001,2019-06-25 09:30:48,13.6700,5,123017.0000,90,S,13.6500,13.6400,13.6300,13.6200,13.6100,13.6700,13.6800,13.6900,13.7000,13.7100,185,225,33,341,429,19,1130,731,298,327
SZ,000001,2019-06-25 09:30:51,13.6700,5,123030.0000,90,B,13.6500,13.6400,13.6300,13.6200,13.6100,13.6700,13.6800,13.6900,13.7000,13.7100,185,225,33,341,429,48,1113,731,298,327
SZ,000001,2019-06-25 09:30:54,13.6700,9,285538.0000,209,B,13.6700,13.6600,13.6500,13.6400,13.6300,13.6800,13.6900,13.7000,13.7100,13.7200,16,1,36,225,33,1062,731,298,377,343
SZ,000001,2019-06-25 09:30:57,13.6500,8,335910.0000,246,S,13.6400,13.6300,13.6200,13.6100,13.6000,13.6600,13.6700,13.6800,13.6900,13.7000,269,33,341,429,1392,10,3,1064,770,298
SZ,000001,2019-06-25 09:31:00,13.6700,10,107983.0000,79,B,13.6500,13.6400,13.6300,13.6200,13.6100,13.6800,13.6900,13.7000,13.7100,13.7200,2,270,33,341,429,1084,834,298,294,343
SZ,000001,2019-06-25 09:31:03,13.6500,5,24583.0000,18,S,13.6500,13.6400,13.6300,13.6200,13.6100,13.6600,13.6700,13.6800,13.6900,13.7000,38,270,25,391,429,80,309,1123,782,298
SZ,000001,2019-06-25 09:31:06,13.6600,7,185789.0000,136,B,13.6600,13.6500,13.6400,13.6300,13.6200,13.6700,13.6800,13.6900,13.7000,13.7100,105,220,225,125,391,341,1133,782,298,284
SZ,000001,2019-06-25 09:31:09,13.6600,4,118844.0000,87,S,13.6600,13.6500,13.6400,13.6300,13.6200,13.6700,13.6800,13.6900,13.7000,13.7100,33,148,224,125,391,476,1090,782,308,294
SZ,000001,2019-06-25 09:31:12,13.6600,11,207624.0000,152,S,13.6600,13.6500,13.6400,13.6300,13.6200,13.6700,13.6800,13.6900,13.7000,13.7100,78,177,224,125,391,530,1052,782,258,294
SZ,000001,2019-06-25 09:31:15,13.6300,46,2260376.0000,1656,S,13.6200,13.6100,13.6000,13.5900,13.5800,13.6300,13.6800,13.6900,13.7000,13.7100,391,437,1392,286,671,0,1073,802,258,291
SZ,000001,2019-06-25 09:31:18,13.6600,3,1435.0000,1,B,13.6600,13.6500,13.6300,13.6200,13.6100,13.6800,13.6900,13.7000,13.7100,13.7200,528,30,364,399,437,1073,802,258,291,514
SZ,000001,2019-06-25 09:31:21,13.6600,2,69668.0000,51,S,13.6600,13.6500,13.6300,13.6200,13.6100,13.6700,13.6800,13.6900,13.7000,13.7100,461,30,342,399,452,20,1131,802,258,291
SZ,000001,2019-06-25 09:31:24,13.6600,3,311448.0000,228,S,13.6600,13.6500,13.6300,13.6200,13.6100,13.6700,13.6800,13.6900,13.7000,13.7100,233,30,341,399,452,102,1072,802,83,241
SZ,000001,2019-06-25 09:31:27,13.6600,3,9563.0000,7,S,13.6600,13.6500,13.6300,13.6200,13.6100,13.6700,13.6800,13.6900,13.7000,13.7100,246,30,346,399,472,102,1072,802,100,241
SZ,000001,2019-06-25 09:31:30,13.6500,15,428908.0000,314,S,13.6300,13.6200,13.6100,13.6000,13.5900,13.6500,13.6700,13.6800,13.6900,13.7000,117,399,472,1409,286,36,140,1051,802,100
SZ,000001,2019-06-25 09:31:33,13.6300,12,222293.0000,163,S,13.6300,13.6200,13.6100,13.6000,13.5900,13.6500,13.6600,13.6700,13.6800,13.6900,62,398,492,1409,286,3,116,109,1051,802
SZ,000001,2019-06-25 09:31:36,13.6300,2,2782.0000,2,S,13.6300,13.6200,13.6100,13.6000,13.5900,13.6500,13.6600,13.6700,13.6800,13.6900,128,398,502,1409,286,1,126,137,1051,802
SZ,000001,2019-06-25 09:31:39,13.6500,20,553558.0000,406,B,13.6500,13.6300,13.6200,13.6100,13.6000,13.6600,13.6700,13.6800,13.6900,13.7000,266,10,399,532,1414,126,137,1051,802,104
SZ,000001,2019-06-25 09:31:42,13.6600,2,19112.0000,14,B,13.6500,13.6300,13.6200,13.6100,13.6000,13.6600,13.6700,13.6800,13.6900,13.7000,253,122,399,532,1414,125,137,1051,802,104
SZ,000001,2019-06-25 09:31:45,13.6500,2,46408.0000,34,S,13.6500,13.6300,13.6200,13.6100,13.6000,13.6600,13.6700,13.6800,13.6900,13.7000,360,127,399,532,1418,125,138,1051,802,104
SZ,000001,2019-06-25 09:31:48,13.6500,3,40952.0000,30,S,13.6500,13.6400,13.6300,13.6200,13.6100,13.6600,13.6700,13.6800,13.6900,13.7000,330,20,137,399,532,130,138,1051,802,104
SZ,000001,2019-06-25 09:31:51,13.6400,9,488604.0000,358,S,13.6400,13.6300,13.6200,13.6100,13.6000,13.6500,13.6600,13.6700,13.6800,13.6900,10,45,399,532,1420,200,148,138,1051,762
SZ,000001,2019-06-25 09:31:54,13.6400,8,149120.0000,109,S,13.6400,13.6300,13.6200,13.6100,13.6000,13.6500,13.6600,13.6700,13.6800,13.6900,110,48,404,632,1420,125,149,138,1049,762
SZ,000001,2019-06-25 09:31:57,13.6500,3,54600.0000,40,B,13.6400,13.6300,13.6200,13.6100,13.6000,13.6500,13.6600,13.6700,13.6800,13.6900,168,73,409,632,1420,85,149,147,1049,762
SZ,000001,2019-06-25 09:32:00,13.6400,27,421956.0000,309,S,13.6400,13.6300,13.6200,13.6100,13.6000,13.6700,13.6800,13.6900,13.7000,13.7100,139,93,414,632,1420,147,1165,762,104,245
SZ,000001,2019-06-25 09:32:03,13.6400,12,242406.0000,178,S,13.6300,13.6200,13.6100,13.6000,13.5900,13.6400,13.6500,13.6700,13.6800,13.6900,170,414,678,1415,288,592,84,204,1165,762
SZ,000001,2019-06-25 09:32:06,13.6400,8,499224.0000,366,B,13.6300,13.6200,13.6100,13.6000,13.5900,13.6400,13.6500,13.6700,13.6800,13.6900,171,916,798,1415,288,330,148,203,1165,762
SZ,000001,2019-06-25 09:32:09,13.6400,25,526858.0000,386,B,13.6400,13.6300,13.6200,13.6100,13.6000,13.6500,13.6600,13.6700,13.6800,13.6900,2,2200,916,798,1417,148,10,203,1165,762
SZ,000001,2019-06-25 09:32:12,13.6300,12,40508.0000,30,S,13.6300,13.6200,13.6100,13.6000,13.5900,13.6400,13.6500,13.6600,13.6700,13.6800,2200,936,798,1417,288,8,144,10,203,1165
SZ,000001,2019-06-25 09:32:15,13.6400,26,286444.0000,210,B,13.6300,13.6200,13.6100,13.6000,13.5900,13.6400,13.6500,13.6600,13.6700,13.6800,2226,936,801,1447,288,326,145,10,203,1165
SZ,000001,2019-06-25 09:32:18,13.6500,11,644348.0000,472,B,13.6500,13.6400,13.6300,13.6200,13.6100,13.6600,13.6700,13.6800,13.6900,13.7000,133,788,2652,936,813,10,203,1183,772,132
SZ,000001,2019-06-25 09:32:21,13.6500,4,24572.0000,18,S,13.6500,13.6400,13.6300,13.6200,13.6100,13.6600,13.6700,13.6800,13.6900,13.7000,122,268,2583,947,813,8,114,1183,772,132
SZ,000001,2019-06-25 09:32:24,13.6500,2,60060.0000,44,S,13.6500,13.6400,13.6300,13.6200,13.6100,13.6600,13.6700,13.6800,13.6900,13.7000,339,270,2241,947,813,8,114,1183,772,132
SZ,000001,2019-06-25 09:32:27,13.6600,11,280176.0000,205,B,13.6600,13.6500,13.6400,13.6300,13.6200,13.6800,13.6900,13.7000,13.7100,13.7200,153,339,258,2263,947,1063,772,132,222,610
SZ,000001,2019-06-25 09:32:30,13.6800,10,256984.0000,188,B,13.6500,13.6400,13.6300,13.6200,13.6100,13.6800,13.6900,13.7000,13.7100,13.7200,290,254,2263,946,813,966,772,132,222,610
SZ,000001,2019-06-25 09:32:33,13.6600,1,1366.0000,1,S,13.6600,13.6500,13.6400,13.6300,13.6200,13.6700,13.6800,13.6900,13.7000,13.7100,162,400,274,2243,946,4,1059,772,132,222
SZ,000001,2019-06-25 09:32:36,13.6700,7,165378.0000,121,B,13.6600,13.6500,13.6400,13.6300,13.6200,13.6700,13.6800,13.6900,13.7000,13.7100,140,400,279,2275,946,8,963,733,132,200
SZ,000001,2019-06-25 09:32:39,13.6700,5,54656.0000,40,B,13.6600,13.6500,13.6400,13.6300,13.6200,13.6700,13.6800,13.6900,13.7000,13.7100,439,159,479,2286,946,95,961,733,126,200
SZ,000001,2019-06-25 09:32:42,13.6700,2,86120.0000,63,B,13.6600,13.6500,13.6400,13.6300,13.6200,13.6700,13.6800,13.6900,13.7000,13.7100,440,159,300,2286,951,32,961,733,126,200
SZ,000001,2019-06-25 09:32:45,13.6700,4,61516.0000,45,B,13.6700,13.6600,13.6500,13.6400,13.6300,13.6800,13.6900,13.7000,13.7100,13.7200,142,1005,159,298,2286,949,733,126,200,521
SZ,000001,2019-06-25 09:32:48,13.6700,5,25972.0000,19,S,13.6700,13.6600,13.6500,13.6400,13.6300,13.6800,13.6900,13.7000,13.7100,13.7200,44,1005,166,301,2286,951,733,132,200,559
SZ,000001,2019-06-25 09:32:51,13.6800,10,1555416.0000,1137,B,13.6800,13.6700,13.6600,13.6500,13.6400,13.6900,13.7000,13.7100,13.7200,13.7300,87,316,754,166,301,733,132,200,559,863
SZ,000001,2019-06-25 09:32:54,13.6900,1,1370.0000,1,B,13.6800,13.6700,13.6600,13.6500,13.6400,13.6900,13.7000,13.7100,13.7200,13.7300,176,319,753,146,301,732,132,200,559,863
SZ,000001,2019-06-25 09:32:57,13.6800,4,194256.0000,142,S,13.6800,13.6700,13.6600,13.6500,13.6400,13.6900,13.7000,13.7100,13.7200,13.7300,389,83,753,146,321,732,132,200,559,663
SZ,000001,2019-06-25 09:33:00,13.6800,7,383044.0000,280,S,13.6800,13.6700,13.6600,13.6500,13.6400,13.6900,13.7000,13.7100,13.7200,13.7300,113,83,703,146,322,734,642,200,559,663
SZ,000001,2019-06-25 09:33:03,13.6500,39,1808450.0000,1324,S,13.6400,13.6300,13.6200,13.6100,13.6000,13.6500,13.6800,13.6900,13.7000,13.7100,303,2266,940,821,1603,1195,239,914,642,200
SZ,000001,2019-06-25 09:33:06,13.6500,3,174720.0000,128,B,13.6400,13.6300,13.6200,13.6100,13.6000,13.6500,13.6700,13.6800,13.6900,13.7000,304,2266,940,821,1703,1182,50,779,821,648
SZ,000001,2019-06-25 09:33:09,13.6400,7,70958.0000,52,S,13.6400,13.6300,13.6200,13.6100,13.6000,13.6500,13.6700,13.6800,13.6900,13.7000,384,2236,940,821,1703,1151,92,829,821,648
SZ,000001,2019-06-25 09:33:12,13.6400,9,256578.0000,188,S,13.6400,13.6300,13.6200,13.6100,13.6000,13.6500,13.6700,13.6800,13.6900,13.7000,341,2236,950,821,1710,1006,92,849,678,663
SZ,000001,2019-06-25 09:33:15,13.6400,4,30008.0000,22,S,13.6400,13.6300,13.6200,13.6100,13.6000,13.6500,13.6700,13.6800,13.6900,13.7000,391,2236,950,1021,1720,1006,92,869,676,663
SZ,000001,2019-06-25 09:33:18,13.6400,5,257806.0000,189,S,13.6400,13.6300,13.6200,13.6100,13.6000,13.6500,13.6700,13.6800,13.6900,13.7000,254,2246,950,1021,1730,996,592,869,676,663
SZ,000001,2019-06-25 09:33:21,13.6500,10,113658.0000,84,B,13.6400,13.6300,13.6200,13.6100,13.6000,13.6500,13.6700,13.6800,13.6900,13.7000,237,2249,950,1024,1730,987,592,333,676,663
SZ,000001,2019-06-25 09:33:24,13.6400,5,70636.0000,51,S,13.6400,13.6300,13.6200,13.6100,13.6000,13.6500,13.6700,13.6800,13.6900,13.7000,258,2246,850,1024,1730,964,592,333,696,663
SZ,000001,2019-06-25 09:33:27,13.6400,14,275626.0000,202,S,13.6400,13.6300,13.6200,13.6100,13.6000,13.6500,13.6700,13.6800,13.6900,13.7000,544,2254,850,1024,1720,867,592,333,611,663
SZ,000001,2019-06-25 09:33:30,13.6400,5,225162.0000,165,S,13.6400,13.6300,13.6200,13.6100,13.6000,13.6500,13.6700,13.6800,13.6900,13.7000,491,2254,840,1024,1720,842,592,333,611,663
SZ,000001,2019-06-25 09:33:33,13.6300,26,870324.0000,638,S,13.6300,13.6200,13.6100,13.6000,13.5900,13.6400,13.6500,13.6700,13.6800,13.6900,2235,840,1024,1720,296,2896,742,592,333,611
SZ,000001,2019-06-25 09:33:36,13.6300,28,3083132.0000,2262,S,13.6200,13.6100,13.6000,13.5900,13.5800,13.6300,13.6400,13.6500,13.6700,13.6800,840,1024,1720,296,834,827,3028,654,592,333
SZ,000001,2019-06-25 09:33:39,13.6200,4,88540.0000,65,S,13.6200,13.6100,13.6000,13.5900,13.5800,13.6300,13.6400,13.6500,13.6700,13.6800,1137,1024,1720,296,834,972,2932,654,592,283
SZ,000001,2019-06-25 09:33:42,13.6200,34,1737826.0000,1276,S,13.6100,13.6000,13.5900,13.5800,13.5700,13.6200,13.6300,13.6400,13.6500,13.6700,717,1720,296,844,114,3083,958,3032,654,592
SZ,000001,2019-06-25 09:33:45,13.6100,55,1186762.0000,872,S,13.6000,13.5900,13.5800,13.5700,13.5600,13.6100,13.6200,13.6300,13.6400,13.6500,1667,296,811,114,295,91,3704,859,3031,644
SZ,000001,2019-06-25 09:33:48,13.5900,87,2355504.0000,1732,S,13.5900,13.5800,13.5700,13.5600,13.5500,13.6100,13.6200,13.6300,13.6400,13.6500,253,811,114,295,359,440,3604,869,3029,643
SZ,000001,2019-06-25 09:33:51,13.6000,26,684784.0000,504,B,13.5900,13.5800,13.5700,13.5600,13.5500,13.6000,13.6100,13.6200,13.6300,13.6400,214,599,114,295,359,290,423,3606,869,3029
SZ,000001,2019-06-25 09:33:54,13.5800,40,1169472.0000,861,S,13.5700,13.5600,13.5500,13.5400,13.5300,13.5800,13.5900,13.6000,13.6100,13.6200,114,295,359,264,74,354,276,143,324,3539
SZ,000001,2019-06-25 09:33:57,13.5800,14,135712.0000,100,B,13.5700,13.5600,13.5500,13.5400,13.5300,13.5800,13.5900,13.6000,13.6100,13.6200,114,295,459,264,74,845,280,125,296,3536
SZ,000001,2019-06-25 09:34:00,13.5700,12,188624.0000,139,S,13.5600,13.5500,13.5400,13.5300,13.5200,13.5700,13.5800,13.5900,13.6000,13.6100,295,459,264,74,774,289,846,280,125,296
SZ,000001,2019-06-25 09:34:03,13.5600,16,177676.0000,131,S,13.5600,13.5500,13.5400,13.5300,13.5200,13.5700,13.5800,13.5900,13.6000,13.6100,198,459,289,74,774,1107,598,280,125,90
SZ,000001,2019-06-25 09:34:06,13.5500,62,947420.0000,699,S,13.5400,13.5300,13.5200,13.5100,13.5000,13.5500,13.5600,13.5700,13.5800,13.5900,287,82,774,500,1681,242,21,1096,598,7
SZ,000001,2019-06-25 09:34:09,13.5500,13,451184.0000,333,B,13.5400,13.5300,13.5200,13.5100,13.5000,13.5500,13.5600,13.5700,13.5800,13.5900,349,92,774,500,1686,125,12,930,597,6
SZ,000001,2019-06-25 09:34:12,13.5500,11,280492.0000,207,B,13.5500,13.5400,13.5300,13.5200,13.5100,13.5600,13.5700,13.5800,13.5900,13.6000,510,364,107,774,503,516,929,597,5,117
SZ,000001,2019-06-25 09:34:15,13.5500,11,170756.0000,126,S,13.5500,13.5400,13.5300,13.5200,13.5100,13.5600,13.5700,13.5800,13.5900,13.6000,510,273,107,774,577,491,923,254,5,117
SZ,000001,2019-06-25 09:34:18,13.5500,14,515228.0000,381,S,13.5500,13.5400,13.5300,13.5200,13.5100,13.5600,13.5700,13.5800,13.5900,13.6000,181,273,207,774,579,492,249,254,5,117
SZ,000001,2019-06-25 09:34:21,13.5600,13,798680.0000,589,B,13.5600,13.5500,13.5400,13.5300,13.5200,13.5700,13.5800,13.5900,13.6000,13.6100,344,276,273,213,804,249,254,5,67,81
SZ,000001,2019-06-25 09:34:24,13.5700,15,594340.0000,438,B,13.5700,13.5600,13.5500,13.5400,13.5300,13.5800,13.5900,13.6000,13.6100,13.6200,257,421,310,303,233,4,5,67,81,3038
SZ,000001,2019-06-25 09:34:27,13.5800,13,168300.0000,124,B,13.5800,13.5700,13.5600,13.5500,13.5400,13.6000,13.6100,13.6200,13.6300,13.6400,86,477,344,247,308,67,95,3038,831,3081
SZ,000001,2019-06-25 09:34:30,13.5700,11,271596.0000,200,S,13.5700,13.5600,13.5500,13.5400,13.5300,13.5800,13.6000,13.6100,13.6200,13.6300,287,391,276,318,243,686,67,95,3040,831
SZ,000001,2019-06-25 09:34:33,13.5700,2,20368.0000,15,S,13.5700,13.5600,13.5500,13.5400,13.5300,13.5800,13.6000,13.6100,13.6200,13.6300,329,413,496,318,243,850,67,95,3033,831
SZ,000001,2019-06-25 09:34:36,13.5800,5,283792.0000,209,B,13.5700,13.5600,13.5500,13.5400,13.5300,13.5800,13.5900,13.6000,13.6100,13.6200,321,473,536,393,244,671,10,93,911,3052
SZ,000001,2019-06-25 09:34:39,13.5700,30,1830084.0000,1348,S,13.5600,13.5500,13.5400,13.5300,13.5200,13.5700,13.5900,13.6000,13.6100,13.6200,542,533,404,464,848,460,8,98,911,3052
SZ,000001,2019-06-25 09:34:42,13.5700,17,887484.0000,654,B,13.5600,13.5500,13.5400,13.5300,13.5200,13.5700,13.5800,13.5900,13.6000,13.6100,681,533,404,464,848,89,165,8,98,911
SZ,000001,2019-06-25 09:34:45,13.5800,9,247280.0000,182,B,13.5700,13.5600,13.5500,13.5400,13.5300,13.5800,13.5900,13.6000,13.6100,13.6200,277,909,635,444,464,142,8,95,911,3052
SZ,000001,2019-06-25 09:34:48,13.5800,25,1112532.0000,820,B,13.5800,13.5700,13.5600,13.5500,13.5400,13.5900,13.6000,13.6100,13.6200,13.6300,18,1,568,639,444,8,95,911,3052,825
SZ,000001,2019-06-25 09:34:51,13.5800,16,296052.0000,218,S,13.5800,13.5700,13.5600,13.5500,13.5400,13.6000,13.6100,13.6200,13.6300,13.6400,160,148,373,651,441,90,911,3052,825,3079
SZ,000001,2019-06-25 09:34:54,13.5800,27,531496.0000,391,S,13.5900,13.5800,13.5700,13.5600,13.5500,13.6000,13.6100,13.6200,13.6300,13.6400,5,214,17,391,663,55,803,3052,825,3079
SZ,000001,2019-06-25 09:34:57,13.6000,7,501764.0000,369,B,13.5900,13.5800,13.5700,13.5600,13.5500,13.6000,13.6100,13.6200,13.6300,13.6400,365,70,223,391,675,149,803,3052,825,3049
SZ,000001,2019-06-25 09:35:00,13.6000,3,118312.0000,87,B,13.5900,13.5800,13.5700,13.5600,13.5500,13.6000,13.6100,13.6200,13.6300,13.6400,362,73,223,391,674,274,803,3052,825,3049
SZ,000001,2019-06-25 09:35:03,13.6000,18,2503184.0000,1843,B,13.5900,13.5800,13.5700,13.5600,13.5500,13.6000,13.6100,13.6200,13.6300,13.6400,106,30,293,391,685,1762,803,3052,825,3049
SZ,000001,2019-06-25 09:35:06,13.6000,12,91260.0000,67,B,13.5900,13.5800,13.5700,13.5600,13.5500,13.6000,13.6100,13.6200,13.6300,13.6400,110,30,293,479,691,1704,808,3052,825,3049
SZ,000001,2019-06-25 09:35:09,13.6000,15,232432.0000,171,B,13.5900,13.5800,13.5700,13.5600,13.5500,13.6000,13.6100,13.6200,13.6300,13.6400,198,30,296,479,691,1665,808,3052,825,3049
SZ,000001,2019-06-25 09:35:12,13.6000,5,160368.0000,118,B,13.5900,13.5800,13.5700,13.5600,13.5500,13.6000,13.6100,13.6200,13.6300,13.6400,83,30,336,484,674,1667,808,3052,825,3049
SZ,000001,2019-06-25 09:35:15,13.5800,11,1154124.0000,849,S,13.5700,13.5600,13.5500,13.5400,13.5300,13.5800,13.5900,13.6000,13.6100,13.6200,331,491,679,474,511,87,164,1191,808,3052
SZ,000001,2019-06-25 09:35:18,13.5900,4,124936.0000,92,B,13.5800,13.5700,13.5600,13.5500,13.5400,13.5900,13.6000,13.6100,13.6200,13.6300,92,363,491,708,474,184,1190,839,3050,825
SZ,000001,2019-06-25 09:35:21,13.5900,3,29884.0000,22,B,13.5800,13.5700,13.5600,13.5500,13.5400,13.5900,13.6000,13.6100,13.6200,13.6300,1466,363,591,723,495,230,1203,839,3050,825
SZ,000001,2019-06-25 09:35:24,13.6000,18,535588.0000,394,B,13.5800,13.5700,13.5600,13.5500,13.5400,13.6000,13.6100,13.6200,13.6300,13.6400,1414,376,596,726,495,1067,839,3050,825,3047
SZ,000001,2019-06-25 09:35:27,13.5900,1,1356.0000,1,S,13.5900,13.5800,13.5700,13.5600,13.5500,13.6000,13.6100,13.6200,13.6300,13.6400,231,1590,376,606,727,1069,839,3052,825,3047
SZ,000001,2019-06-25 09:35:30,13.5800,18,425372.0000,313,S,13.5800,13.5700,13.5600,13.5500,13.5400,13.6000,13.6100,13.6200,13.6300,13.6400,1558,392,611,727,515,1041,839,3052,825,3047
SZ,000001,2019-06-25 09:35:33,13.5900,3,12232.0000,9,B,13.5900,13.5800,13.5700,13.5600,13.5500,13.6000,13.6100,13.6200,13.6300,13.6400,8,1560,372,621,717,1040,839,3052,825,3047
SZ,000001,2019-06-25 09:35:36,13.6000,16,734816.0000,541,B,13.5800,13.5700,13.5600,13.5500,13.5400,13.6000,13.6100,13.6200,13.6300,13.6400,1144,372,621,669,515,1056,839,3052,855,3047
SZ,000001,2019-06-25 09:35:39,13.6000,6,214788.0000,158,B,13.5900,13.5800,13.5700,13.5600,13.5500,13.6000,13.6100,13.6200,13.6300,13.6400,68,1205,372,621,670,1106,839,3067,855,3047
SZ,000001,2019-06-25 09:35:42,13.5900,7,119592.0000,88,S,13.5800,13.5700,13.5600,13.5500,13.5400,13.5900,13.6000,13.6100,13.6200,13.6300,1210,374,621,723,515,18,1107,839,3067,855
SZ,000001,2019-06-25 09:35:45,13.6000,3,43504.0000,32,B,13.5900,13.5800,13.5700,13.5600,13.5500,13.6000,13.6100,13.6200,13.6300,13.6400,83,1231,374,621,738,1103,839,3065,855,3047
SZ,000001,2019-06-25 09:35:48,13.5900,7,399344.0000,294,S,13.5800,13.5700,13.5600,13.5500,13.5400,13.5900,13.6000,13.6100,13.6200,13.6300,1030,374,621,738,525,106,1103,839,3067,855
SZ,000001,2019-06-25 09:35:51,13.5900,15,311160.0000,229,B,13.5900,13.5800,13.5700,13.5600,13.5500,13.6000,13.6100,13.6200,13.6300,13.6400,6,1080,374,570,738,1115,839,3065,855,3047
SZ,000001,2019-06-25 09:35:54,13.5900,2,4076.0000,3,S,13.5900,13.5800,13.5700,13.5600,13.5500,13.6000,13.6100,13.6200,13.6300,13.6400,9,1084,374,570,738,1129,877,3097,855,3047
SZ,000001,2019-06-25 09:35:57,13.5900,5,14952.0000,11,S,13.5900,13.5800,13.5700,13.5600,13.5500,13.6000,13.6100,13.6200,13.6300,13.6400,316,1041,374,570,853,1128,1017,3097,855,3047
SZ,000001,2019-06-25 09:36:00,13.5800,17,1344772.0000,990,S,13.5800,13.5700,13.5600,13.5500,13.5400,13.5900,13.6000,13.6100,13.6200,13.6300,403,376,570,853,625,18,1129,1017,3097,855
SZ,000001,2019-06-25 09:36:03,13.5900,7,48924.0000,36,B,13.5800,13.5700,13.5600,13.5500,13.5400,13.5900,13.6000,13.6100,13.6200,13.6300,396,376,570,853,625,257,1159,1017,3095,855
SZ,000001,2019-06-25 09:36:06,13.5800,33,723820.0000,533,S,13.5700,13.5600,13.5500,13.5400,13.5300,13.5800,13.5900,13.6000,13.6100,13.6200,379,576,853,650,502,155,288,1235,1017,3095
SZ,000001,2019-06-25 09:36:09,13.5900,8,354536.0000,261,B,13.5800,13.5700,13.5600,13.5500,13.5400,13.5900,13.6000,13.6100,13.6200,13.6300,1,479,576,843,650,129,1236,1017,3095,855
SZ,000001,2019-06-25 09:36:12,13.5800,10,172480.0000,127,S,13.5800,13.5700,13.5600,13.5500,13.5400,13.5900,13.6000,13.6100,13.6200,13.6300,100,499,576,853,650,118,1348,1017,3095,855
SZ,000001,2019-06-25 09:36:15,13.5800,9,240364.0000,177,S,13.5800,13.5700,13.5600,13.5500,13.5400,13.5900,13.6000,13.6100,13.6200,13.6300,65,579,576,835,650,713,1418,1017,3095,855
SZ,000001,2019-06-25 09:36:18,13.5700,15,369764.0000,272,S,13.5700,13.5600,13.5500,13.5400,13.5300,13.5800,13.5900,13.6000,13.6100,13.6200,563,611,1047,673,506,301,743,1418,1017,3095
SZ,000001,2019-06-25 09:36:21,13.5800,11,282408.0000,208,B,13.5700,13.5600,13.5500,13.5400,13.5300,13.5800,13.5900,13.6000,13.6100,13.6200,511,611,1057,685,506,156,365,1418,1017,3095
SZ,000001,2019-06-25 09:36:24,13.5800,30,823704.0000,607,B,13.5700,13.5600,13.5500,13.5400,13.5300,13.5800,13.5900,13.6000,13.6100,13.6200,22,611,1107,690,506,159,365,1416,1017,3095
SZ,000001,2019-06-25 09:36:27,13.5700,7,106796.0000,79,S,13.5600,13.5500,13.5400,13.5300,13.5200,13.5700,13.5800,13.5900,13.6000,13.6100,651,1110,690,506,1035,136,157,365,1417,1017
SZ,000001,2019-06-25 09:36:30,13.5600,4,55620.0000,41,S,13.5600,13.5500,13.5400,13.5300,13.5200,13.5700,13.5800,13.5900,13.6000,13.6100,730,1110,743,506,1035,211,298,385,1425,1017
SZ,000001,2019-06-25 09:36:33,13.5700,6,52904.0000,39,B,13.5600,13.5500,13.5400,13.5300,13.5200,13.5700,13.5800,13.5900,13.6000,13.6100,748,1109,743,506,1035,191,302,385,1425,1017
SZ,000001,2019-06-25 09:36:36,13.5600,40,880108.0000,649,S,13.5600,13.5500,13.5400,13.5300,13.5200,13.5700,13.5800,13.5900,13.6000,13.6100,361,1109,748,506,1035,238,280,381,1370,1012
SZ,000001,2019-06-25 09:36:39,13.5700,10,196628.0000,145,B,13.5600,13.5500,13.5400,13.5300,13.5200,13.5700,13.5800,13.5900,13.6000,13.6100,267,1114,748,506,1035,427,280,331,1370,1012
SZ,000001,2019-06-25 09:36:42,13.5600,13,220512.0000,163,S,13.5600,13.5500,13.5400,13.5300,13.5200,13.5700,13.5800,13.5900,13.6000,13.6100,192,1175,758,506,1035,444,280,331,1370,1012
SZ,000001,2019-06-25 09:36:45,13.5600,8,101704.0000,75,S,13.5600,13.5500,13.5400,13.5300,13.5200,13.5700,13.5800,13.5900,13.6000,13.6100,145,1175,758,546,1031,480,280,361,1370,1012
SZ,000001,2019-06-25 09:36:48,13.5700,13,116652.0000,86,B,13.5600,13.5500,13.5400,13.5300,13.5200,13.5700,13.5800,13.5900,13.6000,13.6100,200,1248,746,546,1041,405,280,420,1390,1012
SZ,000001,2019-06-25 09:36:51,13.5600,11,282568.0000,208,S,13.5500,13.5400,13.5300,13.5200,13.5100,13.5600,13.5700,13.5800,13.5900,13.6000,1248,796,541,1041,807,59,410,271,420,1385
SZ,000001,2019-06-25 09:36:54,13.5500,33,516284.0000,381,S,13.5500,13.5400,13.5300,13.5200,13.5100,13.5600,13.5700,13.5800,13.5900,13.6000,899,705,553,1051,807,210,409,271,420,1385
SZ,000001,2019-06-25 09:36:57,13.5500,13,93552.0000,69,S,13.5500,13.5400,13.5300,13.5200,13.5100,13.5600,13.5700,13.5800,13.5900,13.6000,885,705,553,1051,807,280,409,271,454,1385
SZ,000001,2019-06-25 09:37:00,13.5600,13,211388.0000,156,B,13.5500,13.5400,13.5300,13.5200,13.5100,13.5600,13.5700,13.5800,13.5900,13.6000,838,705,553,1055,807,321,409,271,454,1385
SZ,000001,2019-06-25 09:37:03,13.5500,25,161256.0000,119,S,13.5500,13.5400,13.5300,13.5200,13.5100,13.5600,13.5700,13.5800,13.5900,13.6000,751,717,574,1055,807,407,222,271,454,1385
SZ,000001,2019-06-25 09:37:06,13.5600,14,159948.0000,118,B,13.5500,13.5400,13.5300,13.5200,13.5100,13.5600,13.5700,13.5800,13.5900,13.6000,695,727,575,1055,817,485,169,271,454,1375
SZ,000001,2019-06-25 09:37:09,13.5600,7,113824.0000,84,B,13.5500,13.5400,13.5300,13.5200,13.5100,13.5600,13.5700,13.5800,13.5900,13.6000,641,738,585,1055,817,488,156,270,464,1387
SZ,000001,2019-06-25 09:37:12,13.5600,15,344472.0000,254,B,13.5500,13.5400,13.5300,13.5200,13.5100,13.5600,13.5700,13.5800,13.5900,13.6000,466,788,585,1056,817,517,156,270,464,1357
SZ,000001,2019-06-25 09:37:15,13.5500,9,96236.0000,71,S,13.5500,13.5400,13.5300,13.5200,13.5100,13.5600,13.5700,13.5800,13.5900,13.6000,429,790,587,1056,857,490,156,270,464,1357
SZ,000001,2019-06-25 09:37:18,13.5600,24,690164.0000,509,B,13.5500,13.5400,13.5300,13.5200,13.5100,13.5600,13.5700,13.5800,13.5900,13.6000,558,797,636,1056,857,20,156,270,464,1357
SZ,000001,2019-06-25 09:37:21,13.5400,64,1721432.0000,1271,S,13.5400,13.5300,13.5200,13.5100,13.5000,13.5500,13.5600,13.5700,13.5800,13.5900,289,636,1056,857,3152,206,72,155,265,464
SZ,000001,2019-06-25 09:37:24,13.5500,21,390448.0000,288,B,13.5500,13.5400,13.5300,13.5200,13.5100,13.5600,13.5700,13.5800,13.5900,13.6000,1,438,636,1056,857,71,160,265,464,1383
SZ,000001,2019-06-25 09:37:27,13.5500,3,35228.0000,26,S,13.5500,13.5400,13.5300,13.5200,13.5100,13.5600,13.5700,13.5800,13.5900,13.6000,40,446,519,1056,857,72,160,265,459,1371
SZ,000001,2019-06-25 09:37:30,13.5500,12,199172.0000,147,S,13.5500,13.5400,13.5300,13.5200,13.5100,13.5600,13.5700,13.5800,13.5900,13.6000,189,212,819,1056,876,85,250,125,469,1371
SZ,000001,2019-06-25 09:37:33,13.5500,11,85428.0000,63,S,13.5500,13.5400,13.5300,13.5200,13.5100,13.5600,13.5700,13.5800,13.5900,13.6000,152,214,870,1056,876,94,250,125,469,1371
SZ,000001,2019-06-25 09:37:36,13.5500,13,501020.0000,370,S,13.5400,13.5300,13.5200,13.5100,13.5000,13.5500,13.5600,13.5700,13.5800,13.5900,231,870,1026,876,3167,1042,94,195,125,469
SZ,000001,2019-06-25 09:37:39,13.5500,20,1419824.0000,1048,B,13.5500,13.5400,13.5300,13.5200,13.5100,13.5600,13.5700,13.5800,13.5900,13.6000,19,304,870,1026,879,94,195,125,469,1575
SZ,000001,2019-06-25 09:37:42,13.5500,13,182368.0000,134,S,13.5500,13.5400,13.5300,13.5200,13.5100,13.5600,13.5700,13.5800,13.5900,13.6000,97,290,872,1026,879,91,185,125,469,1575
SZ,000001,2019-06-25 09:37:45,13.5600,15,256696.0000,190,B,13.5600,13.5500,13.5400,13.5300,13.5200,13.5700,13.5800,13.5900,13.6000,13.6100,142,114,323,882,1875,185,125,469,1575,892
SZ,000001,2019-06-25 09:37:48,13.5700,1,1360.0000,1,B,13.5600,13.5500,13.5400,13.5300,13.5200,13.5700,13.5800,13.5900,13.6000,13.6100,266,425,488,892,1875,184,125,469,1575,892
SZ,000001,2019-06-25 09:37:51,13.5600,10,381032.0000,281,S,13.5600,13.5500,13.5400,13.5300,13.5200,13.5700,13.5800,13.5900,13.6000,13.6100,16,625,509,892,1895,178,125,469,1575,892
SZ,000001,2019-06-25 09:37:54,13.5700,8,81728.0000,60,B,13.5600,13.5500,13.5400,13.5300,13.5200,13.5700,13.5800,13.5900,13.6000,13.6100,79,625,509,892,1895,189,125,469,1605,892
SZ,000001,2019-06-25 09:37:57,13.5600,13,349712.0000,258,S,13.5500,13.5400,13.5300,13.5200,13.5100,13.5600,13.5700,13.5800,13.5900,13.6000,493,409,897,1905,925,224,188,125,469,1605
SZ,000001,2019-06-25 09:38:00,13.5500,6,155904.0000,115,S,13.5500,13.5400,13.5300,13.5200,13.5100,13.5600,13.5700,13.5800,13.5900,13.6000,459,419,921,1905,925,155,195,125,449,1605
SZ,000001,2019-06-25 09:38:03,13.5500,14,283376.0000,209,S,13.5500,13.5400,13.5300,13.5200,13.5100,13.5700,13.5800,13.5900,13.6000,13.6100,732,426,1123,1915,925,195,125,449,1617,892
SZ,000001,2019-06-25 09:38:06,13.5700,6,29840.0000,22,B,13.5600,13.5500,13.5400,13.5300,13.5200,13.5700,13.5800,13.5900,13.6000,13.6100,26,961,426,1123,1915,189,538,454,1653,892
SZ,000001,2019-06-25 09:38:09,13.5700,12,131536.0000,97,B,13.5600,13.5500,13.5400,13.5300,13.5200,13.5700,13.5800,13.5900,13.6000,13.6100,936,988,461,1112,1915,192,538,454,1642,892
SZ,000001,2019-06-25 09:38:12,13.5600,4,82720.0000,61,S,13.5600,13.5500,13.5400,13.5300,13.5200,13.5700,13.5800,13.5900,13.6000,13.6100,996,934,461,1212,1917,192,558,454,1642,892
SZ,000001,2019-06-25 09:38:15,13.5700,6,55632.0000,41,B,13.5600,13.5500,13.5400,13.5300,13.5200,13.5700,13.5800,13.5900,13.6000,13.6100,1025,1261,471,1237,1917,154,558,454,1642,892
SZ,000001,2019-06-25 09:38:18,13.5600,5,20352.0000,15,S,13.5600,13.5500,13.5400,13.5300,13.5200,13.5700,13.5800,13.5900,13.6000,13.6100,1075,1260,471,1225,1917,286,538,454,1648,892
SZ,000001,2019-06-25 09:38:21,13.5700,4,27136.0000,20,B,13.5600,13.5500,13.5400,13.5300,13.5200,13.5700,13.5800,13.5900,13.6000,13.6100,1070,1260,495,1250,1937,272,543,454,1768,892
SZ,000001,2019-06-25 09:38:24,13.5700,7,129856.0000,96,B,13.5600,13.5500,13.5400,13.5300,13.5200,13.5700,13.5800,13.5900,13.6000,13.6100,1040,1270,495,1250,1937,239,543,454,1768,892
SZ,000001,2019-06-25 09:38:27,13.5700,17,339248.0000,250,B,13.5700,13.5600,13.5500,13.5400,13.5300,13.5800,13.5900,13.6000,13.6100,13.6200,765,1103,1273,518,1250,543,463,1772,892,3110
SZ,000001,2019-06-25 09:38:30,13.5800,6,89592.0000,66,B,13.5700,13.5600,13.5500,13.5400,13.5300,13.5800,13.5900,13.6000,13.6100,13.6200,2828,1097,1273,618,1255,512,463,1601,892,3110
SZ,000001,2019-06-25 09:38:33,13.5700,3,116712.0000,86,S,13.5700,13.5600,13.5500,13.5400,13.5300,13.5800,13.5900,13.6000,13.6100,13.6200,2768,1105,1274,618,1255,517,463,1601,892,3110
SZ,000001,2019-06-25 09:38:36,13.5800,2,4072.0000,3,B,13.5700,13.5600,13.5500,13.5400,13.5300,13.5800,13.5900,13.6000,13.6100,13.6200,2781,1119,1292,593,1255,514,463,1587,892,3110
SZ,000001,2019-06-25 09:38:39,13.5700,9,458696.0000,338,S,13.5700,13.5600,13.5500,13.5400,13.5300,13.5800,13.5900,13.6000,13.6100,13.6200,2500,1104,1293,593,1255,486,463,1587,892,3110
SZ,000001,2019-06-25 09:38:42,13.5800,13,349008.0000,257,B,13.5700,13.5600,13.5500,13.5400,13.5300,13.5800,13.5900,13.6000,13.6100,13.6200,2506,1103,1313,583,1255,222,463,1588,892,3110
SZ,000001,2019-06-25 09:38:48,13.5800,8,76040.0000,56,B,13.5700,13.5600,13.5500,13.5400,13.5300,13.5800,13.5900,13.6000,13.6100,13.6200,2522,1124,1354,573,1255,175,463,1602,892,3110
SZ,000001,2019-06-25 09:38:51,13.5800,3,100488.0000,74,B,13.5700,13.5600,13.5500,13.5400,13.5300,13.5800,13.5900,13.6000,13.6100,13.6200,2547,1124,1367,573,1255,101,423,1602,892,3110
SZ,000001,2019-06-25 09:38:54,13.5700,7,142528.0000,105,S,13.5700,13.5600,13.5500,13.5400,13.5300,13.5800,13.5900,13.6000,13.6100,13.6200,2498,1085,1392,578,1275,70,423,1602,892,3110
SZ,000001,2019-06-25 09:38:57,13.5800,8,76048.0000,56,B,13.5700,13.5600,13.5500,13.5400,13.5300,13.5800,13.5900,13.6000,13.6100,13.6200,2498,1080,1394,598,1275,15,356,1613,897,107
SZ,000001,2019-06-25 09:39:00,13.5700,12,1264752.0000,932,S,13.5700,13.5600,13.5500,13.5400,13.5300,13.5900,13.6000,13.6100,13.6200,13.6300,1628,1080,1404,603,1275,356,1613,897,107,905
SZ,000001,2019-06-25 09:39:03,13.5900,3,13592.0000,10,B,13.5800,13.5700,13.5600,13.5500,13.5400,13.5900,13.6000,13.6100,13.6200,13.6300,28,1628,1092,1407,622,346,1613,964,107,905
SZ,000001,2019-06-25 09:39:06,13.5700,9,678784.0000,500,S,13.5800,13.5700,13.5600,13.5500,13.5400,13.5900,13.6000,13.6100,13.6200,13.6300,5,1327,1084,1207,628,346,1520,964,132,905
SZ,000001,2019-06-25 09:39:09,13.5800,6,31240.0000,23,S,13.5800,13.5700,13.5600,13.5500,13.5400,13.5900,13.6000,13.6100,13.6200,13.6300,15,1330,1104,1237,628,482,1520,964,132,905
SZ,000001,2019-06-25 09:39:12,13.5700,13,705912.0000,520,S,13.5700,13.5600,13.5500,13.5400,13.5300,13.5900,13.6000,13.6100,13.6200,13.6300,1094,1116,1247,628,1297,502,1515,964,132,905
SZ,000001,2019-06-25 09:39:15,13.5800,36,1663880.0000,1226,B,13.5800,13.5700,13.5600,13.5500,13.5400,13.5900,13.6000,13.6100,13.6200,13.6300,17,96,1095,1246,621,506,1515,964,132,905
SZ,000001,2019-06-25 09:39:18,13.5800,21,376192.0000,277,S,13.5700,13.5600,13.5500,13.5400,13.5300,13.5800,13.5900,13.6000,13.6100,13.6200,89,1072,1246,591,1234,23,503,1521,964,132
SZ,000001,2019-06-25 09:39:21,13.5700,10,188624.0000,139,S,13.5700,13.5600,13.5500,13.5400,13.5300,13.5800,13.5900,13.6000,13.6100,13.6200,75,1072,1046,591,1234,128,503,1523,964,132
SZ,000001,2019-06-25 09:39:24,13.5700,8,252368.0000,186,S,13.5600,13.5500,13.5400,13.5300,13.5200,13.5700,13.5800,13.5900,13.6000,13.6100,1092,1397,591,1234,2041,157,135,503,1523,964
SZ,000001,2019-06-25 09:39:27,13.5700,5,67848.0000,50,B,13.5600,13.5500,13.5400,13.5300,13.5200,13.5700,13.5800,13.5900,13.6000,13.6100,1137,1397,591,1234,2041,108,138,503,1534,964
SZ,000001,2019-06-25 09:39:30,13.5700,4,56976.0000,42,B,13.5600,13.5500,13.5400,13.5300,13.5200,13.5700,13.5800,13.5900,13.6000,13.6100,1121,1407,592,1234,2041,84,138,503,1534,964
SZ,000001,2019-06-25 09:39:33,13.5700,13,221152.0000,163,B,13.5700,13.5600,13.5500,13.5400,13.5300,13.5800,13.5900,13.6000,13.6100,13.6200,46,1066,1417,592,1234,238,503,1534,964,135
SZ,000001,2019-06-25 09:39:36,13.5700,5,82736.0000,61,S,13.5600,13.5500,13.5400,13.5300,13.5200,13.5700,13.5800,13.5900,13.6000,13.6100,1088,1409,602,1234,2041,25,233,503,1525,964
SZ,000001,2019-06-25 09:39:39,13.5600,10,59696.0000,44,S,13.5600,13.5500,13.5400,13.5300,13.5200,13.5700,13.5800,13.5900,13.6000,13.6100,1074,1409,602,1239,2041,31,262,508,1548,964
SZ,000001,2019-06-25 09:39:42,13.5700,5,21712.0000,16,B,13.5600,13.5500,13.5400,13.5300,13.5200,13.5700,13.5800,13.5900,13.6000,13.6100,1161,1419,602,1239,2043,342,244,508,1548,964
SZ,000001,2019-06-25 09:39:45,13.5700,9,1009096.0000,744,B,13.5600,13.5500,13.5400,13.5300,13.5200,13.5700,13.5800,13.5900,13.6000,13.6100,647,1419,597,1239,2043,123,244,508,1548,964
SZ,000001,2019-06-25 09:39:48,13.5700,5,71880.0000,53,B,13.5600,13.5500,13.5400,13.5300,13.5200,13.5700,13.5800,13.5900,13.6000,13.6100,634,1409,607,1239,2043,126,247,518,1598,964
SZ,000001,2019-06-25 09:39:51,13.5800,10,248408.0000,183,B,13.5700,13.5600,13.5500,13.5400,13.5300,13.5800,13.5900,13.6000,13.6100,13.6200,4,597,1422,607,1239,212,518,1598,964,135
SZ,000001,2019-06-25 09:39:54,13.5700,30,831416.0000,613,S,13.5700,13.5600,13.5500,13.5400,13.5300,13.5800,13.5900,13.6000,13.6100,13.6200,1,85,1622,919,1239,213,498,1598,964,135
SZ,000001,2019-06-25 09:39:57,13.5700,6,20360.0000,15,S,13.5700,13.5600,13.5500,13.5400,13.5300,13.5800,13.5900,13.6000,13.6100,13.6200,18,63,1622,919,1249,213,601,1598,964,135
SZ,000001,2019-06-25 09:40:00,13.5600,11,264616.0000,195,S,13.5600,13.5500,13.5400,13.5300,13.5200,13.5700,13.5800,13.5900,13.6000,13.6100,63,1609,919,1259,2100,23,208,601,1609,964
SZ,000001,2019-06-25 09:40:03,13.5700,5,35280.0000,26,B,13.5600,13.5500,13.5400,13.5300,13.5200,13.5700,13.5800,13.5900,13.6000,13.6100,59,1609,919,1254,2100,74,208,601,1626,964
SZ,000001,2019-06-25 09:40:06,13.5700,37,1155072.0000,852,B,13.5500,13.5400,13.5300,13.5200,13.5100,13.5700,13.5800,13.5900,13.6000,13.6100,1102,919,1254,2100,1078,112,82,721,1626,964
SZ,000001,2019-06-25 09:40:09,13.5700,3,23072.0000,17,B,13.5600,13.5500,13.5400,13.5300,13.5200,13.5700,13.5800,13.5900,13.6000,13.6100,15,1223,919,1254,2104,158,82,721,1626,964
SZ,000001,2019-06-25 09:40:12,13.5600,8,155936.0000,115,S,13.5500,13.5400,13.5300,13.5200,13.5100,13.5600,13.5700,13.5800,13.5900,13.6000,1223,919,1244,2104,1078,26,222,83,721,1626
SZ,000001,2019-06-25 09:40:15,13.5500,33,1714072.0000,1265,S,13.5500,13.5400,13.5300,13.5200,13.5100,13.5600,13.5700,13.5800,13.5900,13.6000,47,919,1244,2104,1083,84,241,108,663,1626
SZ,000001,2019-06-25 09:40:18,13.5500,63,1094864.0000,808,S,13.5400,13.5300,13.5200,13.5100,13.5000,13.5500,13.5600,13.5700,13.5800,13.5900,317,1244,2104,1083,6314,85,33,241,108,663
SZ,000001,2019-06-25 09:40:21,13.5500,9,334528.0000,247,B,13.5500,13.5400,13.5300,13.5200,13.5100,13.5600,13.5700,13.5800,13.5900,13.6000,1,359,1295,2104,1083,33,241,108,663,1626
SZ,000001,2019-06-25 09:40:24,13.5700,6,108520.0000,80,B,13.5500,13.5400,13.5300,13.5200,13.5100,13.5700,13.5800,13.5900,13.6000,13.6100,1,365,1295,2105,1083,195,108,663,1626,965
SZ,000001,2019-06-25 09:40:27,13.5600,2,16272.0000,12,S,13.5500,13.5400,13.5300,13.5200,13.5100,13.5700,13.5800,13.5900,13.6000,13.6100,288,163,1295,2105,1083,197,108,663,1626,965
SZ,000001,2019-06-25 09:40:30,13.5500,8,151760.0000,112,S,13.5500,13.5400,13.5300,13.5200,13.5100,13.5700,13.5800,13.5900,13.6000,13.6100,225,173,1315,2095,1083,225,108,658,1620,965
SZ,000001,2019-06-25 09:40:33,13.5500,4,74536.0000,55,S,13.5500,13.5400,13.5300,13.5200,13.5100,13.5700,13.5800,13.5900,13.6000,13.6100,246,199,1318,2095,1083,223,108,658,1620,971
SZ,000001,2019-06-25 09:40:36,13.5600,1,5424.0000,4,B,13.5600,13.5500,13.5400,13.5300,13.5200,13.5700,13.5800,13.5900,13.6000,13.6100,1,283,204,1318,2095,225,108,658,1620,971
SZ,000001,2019-06-25 09:40:39,13.5700,5,71912.0000,53,B,13.5600,13.5500,13.5400,13.5300,13.5200,13.5700,13.5800,13.5900,13.6000,13.6100,132,500,264,1318,2095,175,108,538,1620,971
SZ,000001,2019-06-25 09:40:42,13.5700,4,142480.0000,105,B,13.5600,13.5500,13.5400,13.5300,13.5200,13.5700,13.5800,13.5900,13.6000,13.6100,127,500,271,1318,1451,100,108,538,1608,971
SZ,000001,2019-06-25 09:40:45,13.5600,2,4072.0000,3,S,13.5600,13.5500,13.5400,13.5300,13.5200,13.5700,13.5800,13.5900,13.6000,13.6100,143,515,286,1318,1451,102,113,538,1597,971
SZ,000001,2019-06-25 09:40:48,13.5700,18,477120.0000,352,B,13.5600,13.5500,13.5400,13.5300,13.5200,13.5700,13.5800,13.5900,13.6000,13.6100,59,314,286,1319,1451,92,233,538,1597,971
SZ,000001,2019-06-25 09:40:51,13.5600,4,23056.0000,17,S,13.5600,13.5500,13.5400,13.5300,13.5200,13.5700,13.5800,13.5900,13.6000,13.6100,136,336,336,1319,1451,90,233,538,1609,970
SZ,000001,2019-06-25 09:40:54,13.5600,6,71872.0000,53,S,13.5600,13.5500,13.5400,13.5300,13.5200,13.5700,13.5800,13.5900,13.6000,13.6100,104,488,366,1329,1451,89,233,538,1609,970
SZ,000001,2019-06-25 09:40:57,13.5600,1,1352.0000,1,S,13.5600,13.5500,13.5400,13.5300,13.5200,13.5700,13.5800,13.5900,13.6000,13.6100,231,488,371,1329,1452,89,240,568,1609,974
SZ,000001,2019-06-25 09:41:03,13.5700,7,70568.0000,52,B,13.5600,13.5500,13.5400,13.5300,13.5200,13.5700,13.5800,13.5900,13.6000,13.6100,279,536,443,1329,1452,89,240,568,1609,974
SZ,000001,2019-06-25 09:41:06,13.5700,13,157320.0000,116,B,13.5600,13.5500,13.5400,13.5300,13.5200,13.5700,13.5800,13.5900,13.6000,13.6100,203,547,443,1329,1452,65,260,568,1609,974
SZ,000001,2019-06-25 09:41:09,13.5700,15,490744.0000,362,B,13.5600,13.5500,13.5400,13.5300,13.5200,13.5700,13.5800,13.5900,13.6000,13.6100,12,415,460,1332,1452,52,330,568,1609,974
SZ,000001,2019-06-25 09:41:12,13.5600,3,28496.0000,21,S,13.5600,13.5500,13.5400,13.5300,13.5200,13.5700,13.5800,13.5900,13.6000,13.6100,45,422,473,1332,1454,36,330,568,1614,974
SZ,000001,2019-06-25 09:41:18,13.5700,8,56968.0000,42,B,13.5600,13.5500,13.5400,13.5300,13.5200,13.5700,13.5800,13.5900,13.6000,13.6100,218,438,477,1332,1460,80,330,566,1614,977
SZ,000001,2019-06-25 09:41:21,13.5700,5,35272.0000,26,B,13.5600,13.5500,13.5400,13.5300,13.5200,13.5700,13.5800,13.5900,13.6000,13.6100,220,438,477,1332,1460,66,330,566,1614,977
SZ,000001,2019-06-25 09:41:24,13.5700,10,223792.0000,165,B,13.5600,13.5500,13.5400,13.5300,13.5200,13.5700,13.5800,13.5900,13.6000,13.6100,145,431,490,1332,1460,33,330,516,1614,977
SZ,000001,2019-06-25 09:41:27,13.5600,5,51536.0000,38,S,13.5600,13.5500,13.5400,13.5300,13.5200,13.5700,13.5800,13.5900,13.6000,13.6100,246,1433,491,1332,1460,138,330,566,1544,982
SZ,000001,2019-06-25 09:41:30,13.5500,22,612744.0000,452,S,13.5500,13.5400,13.5300,13.5200,13.5100,13.5600,13.5700,13.5800,13.5900,13.6000,1248,541,1337,1460,1259,20,117,490,566,1544
SZ,000001,2019-06-25 09:41:33,13.5700,5,35256.0000,26,B,13.5600,13.5500,13.5400,13.5300,13.5200,13.5700,13.5800,13.5900,13.6000,13.6100,16,1355,551,1347,1460,114,490,575,1530,982
SZ,000001,2019-06-25 09:41:36,13.5500,14,143712.0000,106,S,13.5500,13.5400,13.5300,13.5200,13.5100,13.5700,13.5800,13.5900,13.6000,13.6100,1299,551,1347,1469,1259,114,490,584,1520,982
SZ,000001,2019-06-25 09:41:39,13.5600,9,44760.0000,33,B,13.5600,13.5500,13.5400,13.5300,13.5200,13.5700,13.5800,13.5900,13.6000,13.6100,9,1329,553,1347,1469,105,490,700,1520,982
SZ,000001,2019-06-25 09:41:42,13.5600,3,17624.0000,13,S,13.5600,13.5500,13.5400,13.5300,13.5200,13.5700,13.5800,13.5900,13.6000,13.6100,19,1359,556,1347,1469,175,490,710,1520,982
SZ,000001,2019-06-25 09:41:45,13.5600,18,416048.0000,307,S,13.5600,13.5500,13.5400,13.5300,13.5200,13.5700,13.5800,13.5900,13.6000,13.6100,86,1046,596,1347,1483,265,496,710,1520,982
SZ,000001,2019-06-25 09:41:48,13.5700,2,8136.0000,6,B,13.5600,13.5500,13.5400,13.5300,13.5200,13.5700,13.5800,13.5900,13.6000,13.6100,88,1046,596,1347,1483,265,376,710,1515,982
SZ,000001,2019-06-25 09:41:51,13.5600,8,192656.0000,142,S,13.5600,13.5500,13.5400,13.5300,13.5200,13.5700,13.5800,13.5900,13.6000,13.6100,66,1046,603,1350,1491,175,376,710,1515,982
SZ,000001,2019-06-25 09:41:54,13.5600,4,17632.0000,13,S,13.5600,13.5500,13.5400,13.5300,13.5200,13.5700,13.5800,13.5900,13.6000,13.6100,416,1052,603,1350,1491,186,376,710,1515,982
SZ,000001,2019-06-25 09:41:57,13.5700,14,282248.0000,208,B,13.5700,13.5600,13.5500,13.5400,13.5300,13.5800,13.5900,13.6000,13.6100,13.6200,5,418,1055,603,1350,375,710,1515,982,143
SZ,000001,2019-06-25 09:42:00,13.5600,7,52896.0000,39,S,13.5600,13.5500,13.5400,13.5300,13.5200,13.5800,13.5900,13.6000,13.6100,13.6200,424,1055,603,1352,1490,374,710,1515,982,143
SZ,000001,2019-06-25 09:42:03,13.5600,9,55600.0000,41,S,13.5600,13.5500,13.5400,13.5300,13.5200,13.5700,13.5800,13.5900,13.6000,13.6100,498,1062,603,1352,1490,22,375,710,1525,982
SZ,000001,2019-06-25 09:42:06,13.5700,3,13568.0000,10,B,13.5600,13.5500,13.5400,13.5300,13.5200,13.5700,13.5800,13.5900,13.6000,13.6100,706,1062,603,1352,1490,28,378,710,1525,982
SZ,000001,2019-06-25 09:42:09,13.5700,6,38000.0000,28,B,13.5700,13.5600,13.5500,13.5400,13.5300,13.5800,13.5900,13.6000,13.6100,13.6200,85,762,1062,593,1301,383,716,1525,992,143
SZ,000001,2019-06-25 09:42:12,13.5800,21,545496.0000,402,B,13.5700,13.5600,13.5500,13.5400,13.5300,13.5800,13.5900,13.6000,13.6100,13.6200,3,656,1062,593,1301,233,724,1525,992,143
SZ,000001,2019-06-25 09:42:15,13.5700,3,32552.0000,24,S,13.5700,13.5600,13.5500,13.5400,13.5300,13.5800,13.5900,13.6000,13.6100,13.6200,132,638,1067,593,1301,233,727,1525,992,143
SZ,000001,2019-06-25 09:42:18,13.5700,3,28528.0000,21,S,13.5700,13.5600,13.5500,13.5400,13.5300,13.5800,13.5900,13.6000,13.6100,13.6200,148,660,1097,593,1301,215,727,1525,992,143
SZ,000001,2019-06-25 09:42:21,13.5800,6,70592.0000,52,B,13.5700,13.5600,13.5500,13.5400,13.5300,13.5800,13.5900,13.6000,13.6100,13.6200,222,670,1108,598,1301,276,727,1536,992,143
SZ,000001,2019-06-25 09:42:24,13.5700,2,63776.0000,47,S,13.5700,13.5600,13.5500,13.5400,13.5300,13.5800,13.5900,13.6000,13.6100,13.6200,193,688,1108,598,1301,272,737,1536,992,143
SZ,000001,2019-06-25 09:42:27,13.5800,6,58368.0000,43,B,13.5700,13.5600,13.5500,13.5400,13.5300,13.5800,13.5900,13.6000,13.6100,13.6200,192,819,1108,598,1301,266,964,1536,1042,143
SZ,000001,2019-06-25 09:42:30,13.5700,15,245616.0000,181,S,13.5700,13.5600,13.5500,13.5400,13.5300,13.5800,13.5900,13.6000,13.6100,13.6200,26,856,1108,593,1301,267,964,1536,1042,143
SZ,000001,2019-06-25 09:42:33,13.5800,15,229256.0000,169,B,13.5700,13.5600,13.5500,13.5400,13.5300,13.5800,13.5900,13.6000,13.6100,13.6200,13,809,1126,603,1301,250,964,1538,1042,143
SZ,000001,2019-06-25 09:42:36,13.5700,15,299728.0000,221,S,13.5600,13.5500,13.5400,13.5300,13.5200,13.5700,13.5800,13.5900,13.6000,13.6100,609,1126,602,1301,1535,82,269,1264,1538,1042
SZ,000001,2019-06-25 09:42:39,13.5700,4,35280.0000,26,B,13.5600,13.5500,13.5400,13.5300,13.5200,13.5700,13.5800,13.5900,13.6000,13.6100,614,1126,607,1361,1535,134,267,1264,1538,1042
SZ,000001,2019-06-25 09:42:42,13.5700,2,46112.0000,34,B,13.5600,13.5500,13.5400,13.5300,13.5200,13.5700,13.5800,13.5900,13.6000,13.6100,590,190,707,1361,1535,134,267,1264,1538,1042
SZ,000001,2019-06-25 09:42:45,13.5600,14,309296.0000,228,S,13.5600,13.5500,13.5400,13.5300,13.5200,13.5700,13.5800,13.5900,13.6000,13.6100,512,203,707,1361,1535,9,393,1264,1538,1042
SZ,000001,2019-06-25 09:42:48,13.5700,18,715696.0000,527,B,13.5700,13.5600,13.5500,13.5400,13.5300,13.5900,13.6000,13.6100,13.6200,13.6300,19,513,213,707,1361,1264,1538,1042,143,915
SZ,000001,2019-06-25 09:42:51,13.5700,15,104488.0000,77,S,13.5700,13.5600,13.5500,13.5400,13.5300,13.5800,13.5900,13.6000,13.6100,13.6200,66,544,239,729,1311,17,1265,1538,1042,143
SZ,000001,2019-06-25 09:42:54,13.5700,4,111240.0000,82,S,13.5600,13.5500,13.5400,13.5300,13.5200,13.5700,13.5800,13.5900,13.6000,13.6100,734,282,729,1311,1535,70,15,1265,1538,1042
SZ,000001,2019-06-25 09:42:57,13.5700,3,33920.0000,25,B,13.5600,13.5500,13.5400,13.5300,13.5200,13.5700,13.5800,13.5900,13.6000,13.6100,826,336,753,1311,1535,87,25,1267,1538,1042
SZ,000001,2019-06-25 09:43:00,13.5700,3,29856.0000,22,B,13.5600,13.5500,13.5400,13.5300,13.5200,13.5700,13.5800,13.5900,13.6000,13.6100,826,344,753,1311,1535,88,25,1267,1538,1042
SZ,000001,2019-06-25 09:43:03,13.5700,15,147944.0000,109,B,13.5700,13.5600,13.5500,13.5400,13.5300,13.5800,13.5900,13.6000,13.6100,13.6200,41,820,344,750,1311,29,1267,1538,1042,143
SZ,000001,2019-06-25 09:43:06,13.5800,5,61080.0000,45,B,13.5700,13.5600,13.5500,13.5400,13.5300,13.5800,13.5900,13.6000,13.6100,13.6200,6,830,344,774,1311,28,1267,1548,1042,143
SZ,000001,2019-06-25 09:43:09,13.5700,6,69216.0000,51,S,13.5700,13.5600,13.5500,13.5400,13.5300,13.5800,13.5900,13.6000,13.6100,13.6200,54,763,364,774,1311,21,1237,1548,1042,143
SZ,000001,2019-06-25 09:43:12,13.5700,1,1352.0000,1,S,13.5700,13.5600,13.5500,13.5400,13.5300,13.5800,13.5900,13.6000,13.6100,13.6200,63,794,369,774,1311,21,1237,1548,1042,143
SZ,000001,2019-06-25 09:43:15,13.5800,6,153352.0000,113,B,13.5600,13.5500,13.5400,13.5300,13.5200,13.5800,13.5900,13.6000,13.6100,13.6200,794,362,774,1311,1541,22,1237,1548,1042,143
SZ,000001,2019-06-25 09:43:18,13.5700,2,2720.0000,2,S,13.5600,13.5500,13.5400,13.5300,13.5200,13.5800,13.5900,13.6000,13.6100,13.6200,794,363,779,1311,1554,53,1237,1548,1042,143
SZ,000001,2019-06-25 09:43:24,13.5600,30,926168.0000,683,S,13.5600,13.5500,13.5400,13.5300,13.5200,13.5800,13.5900,13.6000,13.6100,13.6200,256,363,799,1317,1554,51,1239,1548,1042,143
SZ,000001,2019-06-25 09:43:27,13.5600,4,55600.0000,41,S,13.5600,13.5500,13.5400,13.5300,13.5200,13.5800,13.5900,13.6000,13.6100,13.6200,227,368,809,1317,1559,162,1239,1548,1042,143
SZ,000001,2019-06-25 09:43:30,13.5700,3,5424.0000,4,B,13.5600,13.5500,13.5400,13.5300,13.5200,13.5700,13.5800,13.5900,13.6000,13.6100,308,368,795,1317,1559,17,167,1239,1548,1042
SZ,000001,2019-06-25 09:43:33,13.5700,10,70544.0000,52,B,13.5600,13.5500,13.5400,13.5300,13.5200,13.5700,13.5800,13.5900,13.6000,13.6100,322,368,795,1317,1559,17,197,1239,1548,1042
SZ,000001,2019-06-25 09:43:36,13.5700,5,37976.0000,28,B,13.5600,13.5500,13.5400,13.5300,13.5200,13.5700,13.5800,13.5900,13.6000,13.6100,302,368,797,1317,1546,10,196,1239,1548,1042
SZ,000001,2019-06-25 09:43:39,13.5700,9,260352.0000,192,B,13.5600,13.5500,13.5400,13.5300,13.5200,13.5700,13.5800,13.5900,13.6000,13.6100,206,368,797,1317,1543,6,196,1239,1548,1042
SZ,000001,2019-06-25 09:43:42,13.5600,11,322736.0000,238,S,13.5500,13.5400,13.5300,13.5200,13.5100,13.5600,13.5700,13.5800,13.5900,13.6000,376,797,1319,1543,1322,385,4,213,1240,1548
SZ,000001,2019-06-25 09:43:45,13.5500,39,574552.0000,424,S,13.5400,13.5300,13.5200,13.5100,13.5000,13.5500,13.5600,13.5700,13.5800,13.5900,797,1319,1543,1322,8084,4613,370,6,215,1240
SZ,000001,2019-06-25 09:43:48,13.5500,12,337192.0000,249,B,13.5400,13.5300,13.5200,13.5100,13.5000,13.5500,13.5600,13.5700,13.5800,13.5900,606,1319,1543,1322,8084,4577,391,32,211,1240
SZ,000001,2019-06-25 09:43:51,13.5400,59,999400.0000,738,S,13.5300,13.5200,13.5100,13.5000,13.4900,13.5400,13.5500,13.5600,13.5700,13.5800,1282,1543,1340,8084,1086,565,4567,401,92,213
SZ,000001,2019-06-25 09:43:54,13.5400,7,403488.0000,298,B,13.5300,13.5200,13.5100,13.5000,13.4900,13.5400,13.5500,13.5600,13.5700,13.5800,1281,1543,1346,8089,1086,252,4573,401,92,213
SZ,000001,2019-06-25 09:43:57,13.5400,36,993248.0000,734,B,13.5300,13.5200,13.5100,13.5000,13.4900,13.5400,13.5500,13.5600,13.5700,13.5800,813,1543,1346,8089,1086,65,4563,93,92,212
SZ,000001,2019-06-25 09:44:00,13.5400,12,299032.0000,221,B,13.5300,13.5200,13.5100,13.5000,13.4900,13.5400,13.5500,13.5600,13.5700,13.5800,622,1543,1356,8089,1086,668,4563,93,92,217
SZ,000001,2019-06-25 09:44:03,13.5300,41,859160.0000,635,S,13.5300,13.5200,13.5100,13.5000,13.4900,13.5400,13.5500,13.5600,13.5700,13.5800,111,1543,1366,8089,1086,695,4563,93,92,217
SZ,000001,2019-06-25 09:44:06,13.5300,8,178592.0000,132,S,13.5200,13.5100,13.5000,13.4900,13.4800,13.5300,13.5400,13.5500,13.5600,13.5700,1543,1405,8081,1086,903,71,695,4563,81,92
SZ,000001,2019-06-25 09:44:09,13.5200,4,31104.0000,23,S,13.5200,13.5100,13.5000,13.4900,13.4800,13.5300,13.5400,13.5500,13.5600,13.5700,1528,1400,8102,1086,903,92,681,4555,81,92
SZ,000001,2019-06-25 09:44:12,13.5200,18,838248.0000,620,S,13.5200,13.5100,13.5000,13.4900,13.4800,13.5300,13.5400,13.5500,13.5600,13.5700,1026,1400,8078,1086,903,402,681,4555,71,92
SZ,000001,2019-06-25 09:44:15,13.5300,53,1442624.0000,1067,B,13.5200,13.5100,13.5000,13.4900,13.4800,13.5300,13.5400,13.5500,13.5600,13.5700,940,1400,8078,1086,908,376,680,4555,51,92
SZ,000001,2019-06-25 09:44:18,13.5200,6,1141096.0000,844,S,13.5200,13.5100,13.5000,13.4900,13.4800,13.5300,13.5400,13.5500,13.5600,13.5700,334,1453,8068,1085,913,616,680,4555,51,92
SZ,000001,2019-06-25 09:44:21,13.5200,16,561136.0000,415,S,13.5100,13.5000,13.4900,13.4800,13.4700,13.5200,13.5300,13.5400,13.5500,13.5600,1477,8068,1085,913,792,319,700,630,4555,51
SZ,000001,2019-06-25 09:44:24,13.5200,5,32448.0000,24,B,13.5100,13.5000,13.4900,13.4800,13.4700,13.5200,13.5300,13.5400,13.5500,13.5600,1633,8083,1085,923,792,507,707,606,4555,51
SZ,000001,2019-06-25 09:44:27,13.5200,7,219024.0000,162,B,13.5100,13.5000,13.4900,13.4800,13.4700,13.5200,13.5300,13.5400,13.5500,13.5600,1668,8089,1085,923,792,473,712,606,4555,51
SZ,000001,2019-06-25 09:44:30,13.5200,106,2581704.0000,1911,B,13.5100,13.5000,13.4900,13.4800,13.4700,13.5200,13.5300,13.5400,13.5500,13.5600,16,7968,1135,923,807,290,712,121,4558,51
SZ,000001,2019-06-25 09:44:33,13.5000,8,138008.0000,102,S,13.5000,13.4900,13.4800,13.4700,13.4600,13.5100,13.5200,13.5300,13.5400,13.5500,7887,1135,923,807,420,211,331,552,121,4558
SZ,000001,2019-06-25 09:44:36,13.5100,1,128344.0000,95,B,13.5000,13.4900,13.4800,13.4700,13.4600,13.5100,13.5200,13.5300,13.5400,13.5500,8317,1135,935,890,420,124,349,527,103,4558
SZ,000001,2019-06-25 09:44:39,13.5000,12,155360.0000,115,S,13.5000,13.4900,13.4800,13.4700,13.4600,13.5100,13.5200,13.5300,13.5400,13.5500,8411,1135,935,890,420,24,339,424,49,4558
SZ,000001,2019-06-25 09:44:42,13.5100,18,704968.0000,522,B,13.5100,13.5000,13.4900,13.4800,13.4700,13.5200,13.5300,13.5400,13.5500,13.5600,209,8637,1135,935,890,322,424,49,4560,51
SZ,000001,2019-06-25 09:44:45,13.5100,15,259320.0000,192,S,13.5100,13.5000,13.4900,13.4800,13.4700,13.5200,13.5300,13.5400,13.5500,13.5600,125,8739,1045,935,857,620,414,49,4565,51
SZ,000001,2019-06-25 09:44:48,13.5100,17,174280.0000,129,S,13.5100,13.5000,13.4900,13.4800,13.4700,13.5200,13.5300,13.5400,13.5500,13.5600,363,8400,1045,935,857,621,414,49,4565,51
SZ,000001,2019-06-25 09:44:51,13.5100,16,514736.0000,381,S,13.5000,13.4900,13.4800,13.4700,13.4600,13.5100,13.5200,13.5300,13.5400,13.5500,8409,1045,935,857,420,96,648,414,99,4565
SZ,000001,2019-06-25 09:44:54,13.5100,12,226856.0000,168,B,13.5000,13.4900,13.4800,13.4700,13.4600,13.5100,13.5200,13.5300,13.5400,13.5500,8505,1045,928,857,420,890,646,384,99,4565
SZ,000001,2019-06-25 09:44:57,13.5000,16,194488.0000,144,S,13.5000,13.4900,13.4800,13.4700,13.4600,13.5100,13.5200,13.5300,13.5400,13.5500,8848,1080,928,857,503,1124,635,206,119,4565
SZ,000001,2019-06-25 09:45:00,13.5100,42,926136.0000,686,B,13.5000,13.4900,13.4800,13.4700,13.4600,13.5100,13.5200,13.5300,13.5400,13.5500,8153,1080,928,857,608,1358,589,206,119,4565
SZ,000001,2019-06-25 09:45:03,13.5000,38,1761408.0000,1304,S,13.5000,13.4900,13.4800,13.4700,13.4600,13.5100,13.5200,13.5300,13.5400,13.5500,7736,1080,931,857,634,397,589,206,119,4565
SZ,000001,2019-06-25 09:45:06,13.5000,54,718232.0000,532,S,13.5000,13.4900,13.4800,13.4700,13.4600,13.5100,13.5200,13.5300,13.5400,13.5500,7261,1080,931,857,634,400,589,96,119,4560
SZ,000001,2019-06-25 09:45:09,13.5100,37,495536.0000,367,B,13.5000,13.4900,13.4800,13.4700,13.4600,13.5100,13.5200,13.5300,13.5400,13.5500,7096,1080,931,867,634,314,589,96,119,4558
SZ,000001,2019-06-25 09:45:12,13.5100,29,966632.0000,716,B,13.5000,13.4900,13.4800,13.4700,13.4600,13.5100,13.5200,13.5300,13.5400,13.5500,6801,1081,931,867,634,281,557,96,119,4558
SZ,000001,2019-06-25 09:45:15,13.5100,71,1790392.0000,1326,B,13.5100,13.5000,13.4900,13.4800,13.4700,13.5200,13.5300,13.5400,13.5500,13.5600,954,5864,1071,941,867,548,96,119,4558,20
SZ,000001,2019-06-25 09:45:18,13.5100,24,972968.0000,720,S,13.5100,13.5000,13.4900,13.4800,13.4700,13.5200,13.5300,13.5400,13.5500,13.5600,1119,5701,1079,931,867,306,96,120,4552,20
SZ,000001,2019-06-25 09:45:21,13.5200,17,1121472.0000,830,B,13.5100,13.5000,13.4900,13.4800,13.4700,13.5200,13.5300,13.5400,13.5500,13.5600,496,5651,1079,937,867,213,48,120,4552,20
SZ,000001,2019-06-25 09:45:24,13.5100,6,436392.0000,323,S,13.5100,13.5000,13.4900,13.4800,13.4700,13.5200,13.5300,13.5400,13.5500,13.5600,592,5650,1079,937,867,206,48,140,4560,20
SZ,000001,2019-06-25 09:45:27,13.5200,6,78368.0000,58,B,13.5100,13.5000,13.4900,13.4800,13.4700,13.5200,13.5300,13.5400,13.5500,13.5600,744,5775,1084,938,867,218,48,141,4560,20
SZ,000001,2019-06-25 09:45:30,13.5100,7,196008.0000,145,S,13.5100,13.5000,13.4900,13.4800,13.4700,13.5200,13.5300,13.5400,13.5500,13.5600,1027,5370,1084,938,852,152,48,141,4564,20
SZ,000001,2019-06-25 09:45:33,13.5200,10,121624.0000,90,B,13.5100,13.5000,13.4900,13.4800,13.4700,13.5200,13.5300,13.5400,13.5500,13.5600,1029,5371,1084,936,852,112,58,141,4564,20
SZ,000001,2019-06-25 09:45:36,13.5100,40,1133512.0000,839,S,13.5100,13.5000,13.4900,13.4800,13.4700,13.5200,13.5300,13.5400,13.5500,13.5600,842,5367,1093,936,852,110,58,141,4564,20
SZ,000001,2019-06-25 09:45:39,13.5100,24,1202528.0000,890,S,13.5100,13.5000,13.4900,13.4800,13.4700,13.5300,13.5400,13.5500,13.5600,13.5700,237,5378,1113,916,852,58,190,4564,20,162
SZ,000001,2019-06-25 09:45:42,13.5100,10,347320.0000,257,S,13.5100,13.5000,13.4900,13.4800,13.4700,13.5200,13.5300,13.5400,13.5500,13.5600,202,5381,1113,916,852,115,58,190,4564,20
SZ,000001,2019-06-25 09:45:45,13.5200,15,323016.0000,239,B,13.5200,13.5100,13.5000,13.4900,13.4800,13.5300,13.5400,13.5500,13.5600,13.5700,9,238,5415,1113,917,58,190,4564,20,162
SZ,000001,2019-06-25 09:45:48,13.5200,28,887488.0000,657,S,13.5200,13.5100,13.5000,13.4900,13.4800,13.5300,13.5400,13.5500,13.5600,13.5700,217,50,5146,1113,917,10,178,4564,20,162
SZ,000001,2019-06-25 09:45:51,13.5300,8,243368.0000,180,B,13.5200,13.5100,13.5000,13.4900,13.4800,13.5300,13.5400,13.5500,13.5600,13.5700,549,212,5165,1113,993,145,198,4564,20,162
SZ,000001,2019-06-25 09:45:54,13.5200,10,832832.0000,616,S,13.5100,13.5000,13.4900,13.4800,13.4700,13.5200,13.5300,13.5400,13.5500,13.5600,213,4806,1113,993,855,396,154,198,4564,20
SZ,000001,2019-06-25 09:45:57,13.5100,22,702544.0000,520,S,13.5000,13.4900,13.4800,13.4700,13.4600,13.5100,13.5200,13.5300,13.5400,13.5500,4863,1110,993,855,747,759,387,154,291,4564
SZ,000001,2019-06-25 09:46:00,13.5100,8,216064.0000,160,B,13.5000,13.4900,13.4800,13.4700,13.4600,13.5100,13.5200,13.5300,13.5400,13.5500,5945,1125,993,855,747,797,388,55,291,4564
SZ,000001,2019-06-25 09:46:03,13.5000,9,321952.0000,238,S,13.5000,13.4900,13.4800,13.4700,13.4600,13.5100,13.5200,13.5300,13.5400,13.5500,5938,1125,993,855,747,597,679,55,291,4564
SZ,000001,2019-06-25 09:46:06,13.5000,11,248472.0000,184,S,13.5000,13.4900,13.4800,13.4700,13.4600,13.5100,13.5200,13.5300,13.5400,13.5500,5891,1124,993,855,747,523,679,63,292,4564
SZ,000001,2019-06-25 09:46:09,13.5100,9,815472.0000,604,B,13.5000,13.4900,13.4800,13.4700,13.4600,13.5100,13.5200,13.5300,13.5400,13.5500,4892,1134,993,855,747,496,689,71,292,4564
SZ,000001,2019-06-25 09:46:12,13.5100,7,410432.0000,304,B,13.5000,13.4900,13.4800,13.4700,13.4600,13.5100,13.5200,13.5300,13.5400,13.5500,4656,1134,1038,905,747,513,708,133,292,4564
SZ,000001,2019-06-25 09:46:15,13.5100,41,1587680.0000,1176,B,13.5000,13.4900,13.4800,13.4700,13.4600,13.5100,13.5200,13.5300,13.5400,13.5500,3705,1134,1038,905,747,434,1104,133,443,4564
SZ,000001,2019-06-25 09:46:18,13.5100,23,611624.0000,453,B,13.5000,13.4900,13.4800,13.4700,13.4600,13.5100,13.5200,13.5300,13.5400,13.5500,3361,1137,1038,905,751,365,1104,123,546,4564
SZ,000001,2019-06-25 09:46:21,13.5100,5,260696.0000,193,B,13.5000,13.4900,13.4800,13.4700,13.4600,13.5100,13.5200,13.5300,13.5400,13.5500,3319,1137,1078,910,766,216,1104,123,546,4564
SZ,000001,2019-06-25 09:46:24,13.5100,11,151216.0000,112,B,13.5000,13.4900,13.4800,13.4700,13.4600,13.5100,13.5200,13.5300,13.5400,13.5500,3298,1137,1088,906,766,214,1104,123,546,4564
SZ,000001,2019-06-25 09:46:27,13.5100,64,1698584.0000,1258,B,13.5000,13.4900,13.4800,13.4700,13.4600,13.5100,13.5200,13.5300,13.5400,13.5500,2435,1137,1038,856,766,547,1104,143,546,4564
SZ,000001,2019-06-25 09:46:30,13.5000,47,473880.0000,351,S,13.5000,13.4900,13.4800,13.4700,13.4600,13.5100,13.5200,13.5300,13.5400,13.5500,2174,491,1038,859,766,807,1104,143,546,4564
SZ,000001,2019-06-25 09:46:33,13.5100,21,855024.0000,633,B,13.5000,13.4900,13.4800,13.4700,13.4600,13.5100,13.5200,13.5300,13.5400,13.5500,2032,491,1038,859,766,333,1104,143,546,4564
SZ,000001,2019-06-25 09:46:36,13.5100,44,607632.0000,450,B,13.5000,13.4900,13.4800,13.4700,13.4600,13.5100,13.5200,13.5300,13.5400,13.5500,1745,491,1038,869,766,212,1104,143,443,4564
SZ,000001,2019-06-25 09:46:39,13.5200,14,486256.0000,360,B,13.5000,13.4900,13.4800,13.4700,13.4600,13.5100,13.5200,13.5300,13.5400,13.5500,1678,491,1042,869,766,1,1084,143,443,4564
SZ,000001,2019-06-25 09:46:42,13.5100,7,194440.0000,144,B,13.5000,13.4900,13.4800,13.4700,13.4600,13.5100,13.5200,13.5300,13.5400,13.5500,1869,491,992,869,766,77,793,143,393,4564
SZ,000001,2019-06-25 09:46:45,13.5100,11,793848.0000,588,B,13.5000,13.4900,13.4800,13.4700,13.4600,13.5100,13.5200,13.5300,13.5400,13.5500,1340,491,992,868,787,159,793,136,393,4564
SZ,000001,2019-06-25 09:46:48,13.5000,69,1939464.0000,1437,S,13.4900,13.4800,13.4700,13.4600,13.4500,13.5000,13.5100,13.5200,13.5300,13.5400,491,994,868,787,1134,99,300,793,136,393
SZ,000001,2019-06-25 09:46:51,13.5000,8,176848.0000,131,B,13.4900,13.4800,13.4700,13.4600,13.4500,13.5000,13.5100,13.5200,13.5300,13.5400,491,1030,868,796,1154,376,491,793,136,393
SZ,000001,2019-06-25 09:46:54,13.5100,22,815584.0000,604,B,13.4900,13.4800,13.4700,13.4600,13.4500,13.5100,13.5200,13.5300,13.5400,13.5500,508,1049,868,799,1154,202,793,136,393,4567
SZ,000001,2019-06-25 09:46:57,13.5100,6,187664.0000,139,B,13.5000,13.4900,13.4800,13.4700,13.4600,13.5100,13.5200,13.5300,13.5400,13.5500,163,498,1049,868,849,194,793,136,393,4567
SZ,000001,2019-06-25 09:47:00,13.5100,20,329424.0000,244,B,13.5000,13.4900,13.4800,13.4700,13.4600,13.5100,13.5200,13.5300,13.5400,13.5500,294,498,1029,868,849,184,793,136,394,4567
SZ,000001,2019-06-25 09:47:03,13.4900,101,3394272.0000,2517,S,13.4700,13.4600,13.4500,13.4400,13.4300,13.4900,13.5000,13.5100,13.5200,13.5300,868,849,1138,472,338,333,5,107,513,136
SZ,000001,2019-06-25 09:47:06,13.4900,12,122720.0000,91,B,13.4700,13.4600,13.4500,13.4400,13.4300,13.4900,13.5000,13.5100,13.5200,13.5300,870,849,1135,484,338,306,186,114,513,116
SZ,000001,2019-06-25 09:47:09,13.4700,6,51248.0000,38,S,13.4700,13.4600,13.4500,13.4400,13.4300,13.4900,13.5000,13.5100,13.5200,13.5300,1366,851,1135,484,338,273,197,112,513,119
SZ,000001,2019-06-25 09:47:12,13.4900,7,114592.0000,85,B,13.4700,13.4600,13.4500,13.4400,13.4300,13.4900,13.5000,13.5100,13.5200,13.5300,1348,768,1138,484,338,223,200,132,513,119
SZ,000001,2019-06-25 09:47:15,13.4800,32,2050640.0000,1522,S,13.4800,13.4700,13.4600,13.4500,13.4400,13.4900,13.5000,13.5100,13.5200,13.5300,876,348,793,1138,484,202,207,122,513,119
SZ,000001,2019-06-25 09:47:18,13.4800,23,680240.0000,504,S,13.4800,13.4700,13.4600,13.4500,13.4400,13.5100,13.5200,13.5300,13.5400,13.5500,1453,70,797,1138,484,45,513,119,394,4567
SZ,000001,2019-06-25 09:47:21,13.4900,6,149760.0000,111,B,13.4900,13.4800,13.4700,13.4600,13.4500,13.5000,13.5100,13.5200,13.5300,13.5400,190,1482,70,827,1143,42,32,513,119,394
SZ,000001,2019-06-25 09:47:24,13.4900,8,245536.0000,182,S,13.4900,13.4800,13.4700,13.4600,13.4500,13.5000,13.5100,13.5200,13.5300,13.5400,363,1489,27,841,1169,83,31,513,111,394
SZ,000001,2019-06-25 09:47:27,13.4900,20,2471696.0000,1833,S,13.4900,13.4800,13.4700,13.4600,13.4500,13.5000,13.5100,13.5200,13.5300,13.5400,33,56,93,841,1174,82,131,513,111,414
SZ,000001,2019-06-25 09:47:30,13.4900,51,640000.0000,475,S,13.4800,13.4700,13.4600,13.4500,13.4400,13.4900,13.5000,13.5100,13.5200,13.5300,10,3,691,1186,494,228,67,129,513,111
SZ,000001,2019-06-25 09:47:33,13.4900,10,95744.0000,71,B,13.4800,13.4700,13.4600,13.4500,13.4400,13.4900,13.5000,13.5100,13.5200,13.5300,164,253,694,1179,494,505,67,29,513,111
SZ,000001,2019-06-25 09:47:36,13.4900,17,797680.0000,592,B,13.4800,13.4700,13.4600,13.4500,13.4400,13.4900,13.5000,13.5100,13.5200,13.5300,51,60,630,1179,494,507,71,27,513,111
SZ,000001,2019-06-25 09:47:39,13.4800,9,304656.0000,226,S,13.4700,13.4600,13.4500,13.4400,13.4300,13.4800,13.4900,13.5000,13.5100,13.5200,411,635,1194,484,366,1061,545,71,27,513
SZ,000001,2019-06-25 09:47:42,13.4800,6,79520.0000,59,B,13.4700,13.4600,13.4500,13.4400,13.4300,13.4800,13.4900,13.5000,13.5100,13.5200,472,645,1184,484,366,1018,725,71,27,513
SZ,000001,2019-06-25 09:47:45,13.4800,5,80880.0000,60,B,13.4700,13.4600,13.4500,13.4400,13.4300,13.4800,13.4900,13.5000,13.5100,13.5200,574,723,1253,457,365,1108,717,69,27,513
SZ,000001,2019-06-25 09:47:48,13.4700,3,32336.0000,24,S,13.4700,13.4600,13.4500,13.4400,13.4300,13.4800,13.4900,13.5000,13.5100,13.5200,947,723,1306,457,365,1117,659,70,27,413
SZ,000001,2019-06-25 09:47:51,13.4700,27,1400944.0000,1040,S,13.4600,13.4500,13.4400,13.4300,13.4200,13.4700,13.4800,13.4900,13.5000,13.5100,723,1333,457,365,568,1357,1075,655,70,27
SZ,000001,2019-06-25 09:47:54,13.4600,7,64624.0000,48,S,13.4600,13.4500,13.4400,13.4300,13.4200,13.4700,13.4800,13.4900,13.5000,13.5100,824,1337,457,370,611,1379,1094,655,70,27
SZ,000001,2019-06-25 09:47:57,13.4600,4,44432.0000,33,S,13.4600,13.4500,13.4400,13.4300,13.4200,13.4700,13.4800,13.4900,13.5000,13.5100,833,1312,457,372,611,1657,1163,655,70,27
SZ,000001,2019-06-25 09:48:00,13.4600,13,126544.0000,94,S,13.4600,13.4500,13.4400,13.4300,13.4200,13.4700,13.4800,13.4900,13.5000,13.5100,825,1293,507,372,611,1670,357,645,69,29
SZ,000001,2019-06-25 09:48:03,13.4600,59,1266592.0000,941,S,13.4500,13.4400,13.4300,13.4200,13.4100,13.4600,13.4700,13.4800,13.4900,13.5000,1293,507,372,611,830,984,1756,357,633,204
SZ,000001,2019-06-25 09:48:06,13.4600,99,2071536.0000,1540,B,13.4500,13.4400,13.4300,13.4200,13.4100,13.4600,13.4700,13.4800,13.4900,13.5000,8,507,372,611,830,883,1769,373,613,204
SZ,000001,2019-06-25 09:48:09,13.4600,16,254288.0000,189,B,13.4500,13.4400,13.4300,13.4200,13.4100,13.4600,13.4700,13.4800,13.4900,13.5000,919,507,372,611,830,776,1819,373,613,210
SZ,000001,2019-06-25 09:48:12,13.4600,10,183056.0000,136,B,13.4500,13.4400,13.4300,13.4200,13.4100,13.4600,13.4700,13.4800,13.4900,13.5000,1002,507,377,616,831,647,1809,373,612,219
SZ,000001,2019-06-25 09:48:15,13.4500,28,1756576.0000,1306,S,13.4400,13.4300,13.4200,13.4100,13.4000,13.4500,13.4600,13.4700,13.4800,13.4900,502,407,621,952,1973,2009,674,1795,373,452
SZ,000001,2019-06-25 09:48:18,13.4400,34,836016.0000,622,S,13.4300,13.4200,13.4100,13.4000,13.3900,13.4400,13.4500,13.4600,13.4700,13.4800,407,600,992,2021,209,233,635,660,1793,373
SZ,000001,2019-06-25 09:48:21,13.4400,14,397856.0000,296,B,13.4400,13.4300,13.4200,13.4100,13.4000,13.4500,13.4600,13.4700,13.4800,13.4900,302,729,700,1073,2027,956,730,1780,368,452
SZ,000001,2019-06-25 09:48:24,13.4300,35,1122160.0000,835,S,13.4400,13.4300,13.4200,13.4100,13.4000,13.4500,13.4600,13.4700,13.4800,13.4900,5,431,700,1104,2028,751,697,1780,343,448
SZ,000001,2019-06-25 09:48:27,13.4400,28,1077616.0000,802,S,13.4400,13.4300,13.4200,13.4100,13.4000,13.4500,13.4600,13.4700,13.4800,13.4900,68,231,700,1153,2090,530,702,1780,643,448
SZ,000001,2019-06-25 09:48:30,13.4400,31,633984.0000,472,S,13.4400,13.4300,13.4200,13.4100,13.4000,13.4600,13.4700,13.4800,13.4900,13.5000,111,30,700,1144,2095,692,1757,643,468,231
SZ,000001,2019-06-25 09:48:33,13.4500,10,126368.0000,94,B,13.4500,13.4400,13.4300,13.4200,13.4100,13.4600,13.4700,13.4800,13.4900,13.5000,13,313,83,710,1179,705,1757,643,304,231
SZ,000001,2019-06-25 09:48:36,13.4400,11,431072.0000,320,S,13.4400,13.4300,13.4200,13.4100,13.4000,13.4600,13.4700,13.4800,13.4900,13.5000,12,139,725,1145,2095,677,1754,633,304,231
SZ,000001,2019-06-25 09:48:39,13.4600,9,402368.0000,299,B,13.4500,13.4400,13.4300,13.4200,13.4100,13.4600,13.4700,13.4800,13.4900,13.5000,125,38,195,740,1105,474,1754,633,304,231
SZ,000001,2019-06-25 09:48:42,13.4400,21,373376.0000,278,S,13.4300,13.4200,13.4100,13.4000,13.3900,13.4400,13.4500,13.4600,13.4700,13.4800,219,750,1137,2122,239,361,30,474,1744,633
SZ,000001,2019-06-25 09:48:45,13.4400,45,2039680.0000,1518,B,13.4300,13.4200,13.4100,13.4000,13.3900,13.4400,13.4500,13.4600,13.4700,13.4800,1,776,1138,2150,239,202,82,432,1744,633
SZ,000001,2019-06-25 09:48:48,13.4400,17,410240.0000,305,B,13.4400,13.4300,13.4200,13.4100,13.4000,13.4500,13.4600,13.4700,13.4800,13.4900,42,909,840,1138,2209,238,432,1744,633,304
SZ,000001,2019-06-25 09:48:51,13.4400,17,253984.0000,189,S,13.4400,13.4300,13.4200,13.4100,13.4000,13.4500,13.4600,13.4700,13.4800,13.4900,206,929,853,1198,2219,314,432,1744,633,304
SZ,000001,2019-06-25 09:48:54,13.4400,14,383200.0000,285,S,13.4400,13.4300,13.4200,13.4100,13.4000,13.4500,13.4600,13.4700,13.4800,13.4900,208,1133,858,1206,2924,193,452,1744,633,304
SZ,000001,2019-06-25 09:48:57,13.4500,34,1279696.0000,951,B,13.4500,13.4400,13.4300,13.4200,13.4100,13.4700,13.4800,13.4900,13.5000,13.5100,90,317,1217,875,1208,1744,633,462,259,33
SZ,000001,2019-06-25 09:49:00,13.4500,34,1016688.0000,756,S,13.4600,13.4500,13.4400,13.4300,13.4200,13.4700,13.4800,13.4900,13.5000,13.5100,1,114,150,1227,945,526,633,462,248,33
SZ,000001,2019-06-25 09:49:03,13.4700,32,766480.0000,570,B,13.4600,13.4500,13.4400,13.4300,13.4200,13.4700,13.4800,13.4900,13.5000,13.5100,253,14,2,1075,945,408,633,462,248,33
SZ,000001,2019-06-25 09:49:06,13.4800,42,1368784.0000,1016,B,13.4600,13.4500,13.4400,13.4300,13.4200,13.4800,13.4900,13.5000,13.5100,13.5200,42,119,124,1078,955,185,462,248,33,413
SZ,000001,2019-06-25 09:49:09,13.4900,15,556672.0000,413,B,13.4700,13.4600,13.4500,13.4400,13.4300,13.4900,13.5000,13.5100,13.5200,13.5300,48,56,137,189,1080,371,248,33,413,27
SZ,000001,2019-06-25 09:49:12,13.4600,14,311040.0000,231,S,13.4500,13.4400,13.4300,13.4200,13.4100,13.4600,13.4700,13.4900,13.5000,13.5100,212,240,1072,955,1273,301,18,371,248,33
SZ,000001,2019-06-25 09:49:15,13.4600,16,643312.0000,478,B,13.4500,13.4400,13.4300,13.4200,13.4100,13.4600,13.4700,13.4800,13.4900,13.5000,991,272,1082,954,1297,37,5,6,371,206
SZ,000001,2019-06-25 09:49:18,13.4600,21,262608.0000,195,B,13.4600,13.4500,13.4400,13.4300,13.4200,13.4700,13.4800,13.4900,13.5000,13.5100,210,1195,273,1082,944,28,7,364,206,33
SZ,000001,2019-06-25 09:49:21,13.4600,15,772624.0000,574,S,13.4600,13.4500,13.4400,13.4300,13.4200,13.4700,13.4800,13.4900,13.5000,13.5100,186,903,183,1082,964,59,167,363,206,33
SZ,000001,2019-06-25 09:49:24,13.4500,21,672720.0000,500,S,13.4600,13.4500,13.4400,13.4300,13.4200,13.4700,13.4800,13.4900,13.5000,13.5100,1,657,244,1078,1361,61,217,363,255,33
SZ,000001,2019-06-25 09:49:27,13.4700,9,133280.0000,99,S,13.4700,13.4600,13.4500,13.4400,13.4300,13.4800,13.4900,13.5000,13.5100,13.5200,21,187,692,305,1053,237,363,263,33,413
SZ,000001,2019-06-25 09:49:30,13.4600,10,94256.0000,70,S,13.4700,13.4600,13.4500,13.4400,13.4300,13.4800,13.4900,13.5000,13.5100,13.5200,100,161,764,305,973,238,380,263,33,413
SZ,000001,2019-06-25 09:49:33,13.4700,5,150864.0000,112,S,13.4600,13.4500,13.4400,13.4300,13.4200,13.4700,13.4800,13.4900,13.5000,13.5100,237,811,395,989,1454,99,238,380,263,33
SZ,000001,2019-06-25 09:49:36,13.4700,9,154880.0000,115,B,13.4600,13.4500,13.4400,13.4300,13.4200,13.4700,13.4800,13.4900,13.5000,13.5100,211,849,413,1039,1397,14,253,262,263,33
SZ,000001,2019-06-25 09:49:39,13.4600,17,518208.0000,385,S,13.4500,13.4400,13.4300,13.4200,13.4100,13.4600,13.4700,13.4800,13.4900,13.5000,977,413,1041,1417,1341,121,25,253,262,259
SZ,000001,2019-06-25 09:49:42,13.4600,12,148064.0000,110,B,13.4500,13.4400,13.4300,13.4200,13.4100,13.4600,13.4700,13.4800,13.4900,13.5000,1032,413,1034,1427,1341,15,176,256,262,259
SZ,000001,2019-06-25 09:49:45,13.4600,18,206016.0000,153,B,13.4500,13.4400,13.4300,13.4200,13.4100,13.4600,13.4800,13.4900,13.5000,13.5100,1134,430,1049,1433,1341,54,256,262,259,33
SZ,000001,2019-06-25 09:49:48,13.4600,11,98256.0000,73,B,13.4500,13.4400,13.4300,13.4200,13.4100,13.4600,13.4800,13.4900,13.5000,13.5100,1165,1024,1071,1433,1341,33,256,260,285,33
SZ,000001,2019-06-25 09:49:51,13.4600,21,458800.0000,341,B,13.4500,13.4400,13.4300,13.4200,13.4100,13.4600,13.4800,13.4900,13.5000,13.5100,993,1034,1042,1417,1351,1025,306,260,285,33
SZ,000001,2019-06-25 09:49:54,13.4600,10,65952.0000,49,B,13.4500,13.4400,13.4300,13.4200,13.4100,13.4600,13.4800,13.4900,13.5000,13.5100,1003,1037,1062,1420,1354,1000,306,260,285,33
SZ,000001,2019-06-25 09:49:57,13.4500,5,69984.0000,52,S,13.4500,13.4400,13.4300,13.4200,13.4100,13.4600,13.4800,13.4900,13.5000,13.5100,1120,1037,1065,1425,1363,1154,306,260,285,33
SZ,000001,2019-06-25 09:50:00,13.4500,10,266480.0000,198,S,13.4500,13.4400,13.4300,13.4200,13.4100,13.4600,13.4800,13.4900,13.5000,13.5100,1097,1037,1080,1425,1363,990,306,260,285,33
SZ,000001,2019-06-25 09:50:03,13.4600,65,1517232.0000,1128,B,13.4500,13.4400,13.4300,13.4200,13.4100,13.4600,13.4700,13.4800,13.4900,13.5000,502,987,1130,1428,1368,967,2,293,260,278
SZ,000001,2019-06-25 09:50:06,13.4500,31,1166144.0000,867,S,13.4400,13.4300,13.4200,13.4100,13.4000,13.4500,13.4600,13.4700,13.4800,13.4900,507,1140,1433,1340,3602,956,724,2,293,220
SZ,000001,2019-06-25 09:50:09,13.4500,10,862128.0000,641,B,13.4400,13.4300,13.4200,13.4100,13.4000,13.4500,13.4600,13.4700,13.4800,13.4900,533,1140,1441,1340,3602,416,719,2,293,220
SZ,000001,2019-06-25 09:50:12,13.4500,6,63216.0000,47,B,13.4400,13.4300,13.4200,13.4100,13.4000,13.4500,13.4600,13.4700,13.4800,13.4900,765,1140,1441,1350,3554,388,747,2,243,220
SZ,000001,2019-06-25 09:50:15,13.4500,23,430224.0000,320,B,13.4400,13.4300,13.4200,13.4100,13.4000,13.4500,13.4600,13.4700,13.4800,13.4900,626,1154,1451,1363,3615,235,747,2,243,220
SZ,000001,2019-06-25 09:50:18,13.4500,33,611776.0000,455,B,13.4400,13.4300,13.4200,13.4100,13.4000,13.4500,13.4600,13.4700,13.4800,13.4900,417,1154,1456,1386,3614,13,760,3,243,220
SZ,000001,2019-06-25 09:50:21,13.4600,15,494992.0000,368,B,13.4500,13.4400,13.4300,13.4200,13.4100,13.4600,13.4700,13.4800,13.4900,13.5000,3,1486,1664,1449,1389,708,3,243,220,281
SZ,000001,2019-06-25 09:50:24,13.4500,9,133200.0000,99,S,13.4500,13.4400,13.4300,13.4200,13.4100,13.4600,13.4700,13.4800,13.4900,13.5000,420,1335,1684,1600,1391,658,3,243,220,281
SZ,000001,2019-06-25 09:50:27,13.4400,26,2052752.0000,1527,S,13.4500,13.4400,13.4300,13.4200,13.4100,13.4600,13.4700,13.4800,13.4900,13.5000,10,308,1704,1600,1464,653,3,243,220,281
SZ,000001,2019-06-25 09:50:30,13.4500,8,46512.0000,35,S,13.4500,13.4400,13.4300,13.4200,13.4100,13.4600,13.4700,13.4800,13.4900,13.5000,194,312,1709,1604,1464,653,3,236,220,296
SZ,000001,2019-06-25 09:50:33,13.4600,6,49760.0000,37,B,13.4500,13.4400,13.4300,13.4200,13.4100,13.4600,13.4700,13.4800,13.4900,13.5000,180,334,1729,1604,1464,646,3,236,220,296
SZ,000001,2019-06-25 09:50:36,13.4600,14,386048.0000,287,B,13.4500,13.4400,13.4300,13.4200,13.4100,13.4600,13.4700,13.4800,13.4900,13.5000,476,551,1735,1621,1437,620,3,236,220,296
SZ,000001,2019-06-25 09:50:39,13.4600,9,118432.0000,88,B,13.4500,13.4400,13.4300,13.4200,13.4100,13.4600,13.4700,13.4800,13.4900,13.5000,498,574,1835,1626,1437,547,3,236,220,296
SZ,000001,2019-06-25 09:50:42,13.4600,8,203184.0000,151,B,13.4500,13.4400,13.4300,13.4200,13.4100,13.4600,13.4700,13.4800,13.4900,13.5000,639,609,1835,1638,1447,500,3,236,220,296
SZ,000001,2019-06-25 09:50:45,13.4500,6,68640.0000,51,S,13.4500,13.4400,13.4300,13.4200,13.4100,13.4600,13.4700,13.4800,13.4900,13.5000,646,609,1835,1641,1447,522,3,236,220,341
SZ,000001,2019-06-25 09:50:48,13.4500,7,131872.0000,98,S,13.4500,13.4400,13.4300,13.4200,13.4100,13.4600,13.4700,13.4800,13.4900,13.5000,642,618,1835,1659,1447,461,18,236,220,341
SZ,000001,2019-06-25 09:50:51,13.4400,54,1830464.0000,1361,S,13.4300,13.4200,13.4100,13.4000,13.3900,13.4400,13.4600,13.4700,13.4800,13.4900,1822,1662,1447,3856,390,2194,414,51,236,220
SZ,000001,2019-06-25 09:50:54,13.4400,12,327936.0000,244,B,13.4300,13.4200,13.4100,13.4000,13.3900,13.4400,13.4500,13.4600,13.4700,13.4800,2022,1664,1447,3868,390,1954,1,412,51,236
SZ,000001,2019-06-25 09:50:57,13.4400,7,1281760.0000,954,B,13.4300,13.4200,13.4100,13.4000,13.3900,13.4400,13.4500,13.4600,13.4700,13.4800,1618,1664,1447,3888,390,1419,4,412,51,236
SZ,000001,2019-06-25 09:51:00,13.4300,46,878576.0000,655,S,13.4300,13.4200,13.4100,13.4000,13.3900,13.4400,13.4500,13.4600,13.4700,13.4800,1119,1675,1487,3888,408,1423,73,466,51,236
SZ,000001,2019-06-25 09:51:03,13.4300,19,842160.0000,627,S,13.4300,13.4200,13.4100,13.4000,13.3900,13.4400,13.4500,13.4600,13.4700,13.4800,600,1709,1508,3878,408,1381,93,467,51,236
SZ,000001,2019-06-25 09:51:06,13.4400,37,860912.0000,641,B,13.4300,13.4200,13.4100,13.4000,13.3900,13.4400,13.4500,13.4600,13.4700,13.4800,60,1709,1508,4089,408,1336,93,472,351,76
SZ,000001,2019-06-25 09:51:09,13.4300,33,930320.0000,692,S,13.4200,13.4100,13.4000,13.3900,13.3800,13.4300,13.4400,13.4500,13.4600,13.4700,1571,1508,4112,418,1601,747,1319,53,472,318
SZ,000001,2019-06-25 09:51:12,13.4300,49,1244112.0000,927,B,13.4200,13.4100,13.4000,13.3900,13.3800,13.4300,13.4400,13.4500,13.4600,13.4700,1148,1508,4150,418,1658,828,1315,56,472,318
SZ,000001,2019-06-25 09:51:15,13.4300,7,179872.0000,134,B,13.4200,13.4100,13.4000,13.3900,13.3800,13.4300,13.4400,13.4500,13.4600,13.4700,1058,1508,4150,421,1658,796,1315,56,472,303
SZ,000001,2019-06-25 09:51:18,13.4300,33,778528.0000,580,B,13.4200,13.4100,13.4000,13.3900,13.3800,13.4300,13.4400,13.4500,13.4600,13.4700,649,1510,4145,509,1658,656,1315,56,472,303
SZ,000001,2019-06-25 09:51:21,13.4200,29,958176.0000,714,S,13.4100,13.4000,13.3900,13.3800,13.3700,13.4200,13.4300,13.4400,13.4500,13.4600,1505,4151,519,1660,376,1708,663,1314,72,472
SZ,000001,2019-06-25 09:51:24,13.4100,119,2681952.0000,2000,S,13.4000,13.3900,13.3800,13.3700,13.3600,13.4100,13.4200,13.4300,13.4400,13.4500,4111,519,1665,376,454,334,1768,665,1314,87
SZ,000001,2019-06-25 09:51:27,13.4000,69,1780256.0000,1328,S,13.4000,13.3900,13.3800,13.3700,13.3600,13.4200,13.4300,13.4400,13.4500,13.4600,3488,519,1666,376,454,3971,630,1314,87,403
SZ,000001,2019-06-25 09:51:30,13.4100,43,755840.0000,564,B,13.4000,13.3900,13.3800,13.3700,13.3600,13.4100,13.4200,13.4300,13.4400,13.4500,3405,523,1666,376,470,97,3954,620,1314,87
SZ,000001,2019-06-25 09:51:33,13.4100,21,284240.0000,212,B,13.4000,13.3900,13.3800,13.3700,13.3600,13.4100,13.4200,13.4300,13.4400,13.4500,3293,523,1664,376,470,117,3954,598,1314,86
SZ,000001,2019-06-25 09:51:36,13.4100,26,437072.0000,326,B,13.4000,13.3900,13.3800,13.3700,13.3600,13.4100,13.4200,13.4300,13.4400,13.4500,3219,543,1664,376,470,678,3846,597,1314,86
SZ,000001,2019-06-25 09:51:39,13.4100,159,3482704.0000,2599,B,13.4000,13.3900,13.3800,13.3700,13.3600,13.4100,13.4200,13.4300,13.4400,13.4500,825,601,1645,376,470,692,3849,597,1314,86
SZ,000001,2019-06-25 09:51:42,13.4000,56,1565344.0000,1168,S,13.3900,13.3800,13.3700,13.3600,13.3500,13.4000,13.4100,13.4200,13.4300,13.4400,618,1647,378,470,727,762,498,3849,597,1314
SZ,000001,2019-06-25 09:51:45,13.3900,32,507552.0000,379,S,13.3900,13.3800,13.3700,13.3600,13.3500,13.4000,13.4100,13.4200,13.4300,13.4400,333,1649,278,475,727,896,562,3849,590,1318
SZ,000001,2019-06-25 09:51:48,13.4000,4,225120.0000,168,B,13.3900,13.3800,13.3700,13.3600,13.3500,13.4000,13.4100,13.4200,13.4300,13.4400,810,1649,278,460,825,735,636,3854,590,1318
SZ,000001,2019-06-25 09:51:51,13.3900,21,400384.0000,299,S,13.3900,13.3800,13.3700,13.3600,13.3500,13.4000,13.4100,13.4200,13.4300,13.4400,712,1632,278,476,826,717,646,3854,590,1318
SZ,000001,2019-06-25 09:51:54,13.3900,13,808960.0000,604,S,13.3900,13.3800,13.3700,13.3600,13.3500,13.4000,13.4100,13.4200,13.4300,13.4400,392,1649,278,476,831,529,646,4873,590,1318
SZ,000001,2019-06-25 09:51:57,13.4000,44,1579312.0000,1179,B,13.3900,13.3800,13.3700,13.3600,13.3500,13.4000,13.4100,13.4200,13.4300,13.4400,346,1658,278,514,831,16,608,4873,590,1318
SZ,000001,2019-06-25 09:52:00,13.4000,59,980272.0000,732,B,13.4000,13.3900,13.3800,13.3700,13.3600,13.4100,13.4200,13.4300,13.4400,13.4500,29,448,1662,298,510,608,4872,585,1272,55
SZ,000001,2019-06-25 09:52:03,13.3900,35,2042848.0000,1525,S,13.3800,13.3700,13.3600,13.3500,13.3400,13.3900,13.4100,13.4200,13.4300,13.4400,1659,288,510,862,151,245,414,4872,575,1272
SZ,000001,2019-06-25 09:52:06,13.4000,19,409088.0000,306,B,13.3900,13.3800,13.3700,13.3600,13.3500,13.4000,13.4100,13.4200,13.4300,13.4400,1418,1958,289,530,862,4,413,4882,575,1272
SZ,000001,2019-06-25 09:52:09,13.4000,28,701216.0000,523,B,13.4000,13.3900,13.3800,13.3700,13.3600,13.4100,13.4200,13.4300,13.4400,13.4500,221,1476,1977,290,580,13,4887,575,1272,55
SZ,000001,2019-06-25 09:52:12,13.4000,28,643232.0000,480,S,13.4000,13.3900,13.3800,13.3700,13.3600,13.4200,13.4300,13.4400,13.4500,13.4600,399,1147,1702,290,580,4900,575,1272,55,524
SZ,000001,2019-06-25 09:52:15,13.4000,14,881568.0000,658,S,13.3900,13.3800,13.3700,13.3600,13.3500,13.4000,13.4100,13.4200,13.4300,13.4400,631,1728,290,577,1126,84,17,4902,575,1272
SZ,000001,2019-06-25 09:52:18,13.4000,17,326960.0000,244,B,13.4000,13.3900,13.3800,13.3700,13.3600,13.4100,13.4200,13.4300,13.4400,13.4500,375,821,1754,290,577,20,4899,575,1272,295
SZ,000001,2019-06-25 09:52:21,13.4000,36,607088.0000,453,S,13.4000,13.3900,13.3800,13.3700,13.3600,13.4100,13.4200,13.4300,13.4400,13.4500,206,797,1763,290,677,50,4909,575,1272,295
SZ,000001,2019-06-25 09:52:24,13.3900,37,820016.0000,612,S,13.3900,13.3800,13.3700,13.3600,13.3500,13.4100,13.4200,13.4300,13.4400,13.4500,613,1777,290,689,1189,95,3910,575,1272,295
SZ,000001,2019-06-25 09:52:27,13.4100,20,235968.0000,176,B,13.4100,13.4000,13.3900,13.3800,13.3700,13.4200,13.4300,13.4400,13.4500,13.4600,451,233,650,1784,290,3910,575,1272,292,524
SZ,000001,2019-06-25 09:52:30,13.4100,18,1021184.0000,761,S,13.4100,13.4000,13.3900,13.3800,13.3700,13.4200,13.4300,13.4400,13.4500,13.4600,470,364,720,1783,291,3176,573,1272,295,524
SZ,000001,2019-06-25 09:52:33,13.4100,6,579344.0000,432,S,13.4100,13.4000,13.3900,13.3800,13.3700,13.4200,13.4300,13.4400,13.4500,13.4600,158,897,771,1794,291,3157,578,1272,295,524
SZ,000001,2019-06-25 09:52:36,13.4000,29,1685888.0000,1258,S,13.3900,13.3800,13.3700,13.3600,13.3500,13.4000,13.4100,13.4200,13.4300,13.4400,887,1782,291,701,1257,1252,108,3156,578,1272
SZ,000001,2019-06-25 09:52:39,13.4000,13,680704.0000,508,B,13.3900,13.3800,13.3700,13.3600,13.3500,13.4000,13.4100,13.4200,13.4300,13.4400,993,1782,291,701,1262,2642,333,3155,578,1272
SZ,000001,2019-06-25 09:52:42,13.3900,10,367152.0000,274,S,13.3900,13.3800,13.3700,13.3600,13.3500,13.4000,13.4100,13.4200,13.4300,13.4400,1234,1857,291,704,1262,2399,237,3176,578,1272
SZ,000001,2019-06-25 09:52:45,13.4000,16,245200.0000,183,B,13.3900,13.3800,13.3700,13.3600,13.3500,13.4000,13.4100,13.4200,13.4300,13.4400,1234,1892,291,804,1267,358,237,3184,578,1272
SZ,000001,2019-06-25 09:52:48,13.3900,27,1217280.0000,908,S,13.4000,13.3900,13.3800,13.3700,13.3600,13.4100,13.4200,13.4300,13.4400,13.4500,33,1226,1921,291,824,277,3184,578,1272,301
SZ,000001,2019-06-25 09:52:51,13.3900,115,2843536.0000,2124,S,13.3800,13.3700,13.3600,13.3500,13.3400,13.3900,13.4100,13.4200,13.4300,13.4400,1320,313,824,1267,176,94,285,3184,578,1272
SZ,000001,2019-06-25 09:52:54,13.4000,11,184832.0000,138,B,13.4000,13.3900,13.3800,13.3700,13.3600,13.4100,13.4200,13.4300,13.4400,13.4500,137,915,1729,313,824,500,3187,578,1272,342
SZ,000001,2019-06-25 09:52:57,13.3900,22,1495072.0000,1116,S,13.3900,13.3800,13.3700,13.3600,13.3500,13.4100,13.4200,13.4300,13.4400,13.4500,714,1741,330,824,1300,512,3187,578,1272,342
SZ,000001,2019-06-25 09:53:00,13.4100,8,112560.0000,84,B,13.4000,13.3900,13.3800,13.3700,13.3600,13.4100,13.4200,13.4300,13.4400,13.4500,573,891,1407,330,827,519,3187,578,1272,342
SZ,000001,2019-06-25 09:53:03,13.4000,18,909856.0000,679,S,13.4000,13.3900,13.3800,13.3700,13.3600,13.4100,13.4200,13.4300,13.4400,13.4500,105,1577,1409,330,842,524,3187,578,1272,342
SZ,000001,2019-06-25 09:53:06,13.4000,14,439696.0000,328,S,13.4000,13.3900,13.3800,13.3700,13.3600,13.4100,13.4200,13.4300,13.4400,13.4500,87,1696,1417,320,855,359,3187,578,1272,343
SZ,000001,2019-06-25 09:53:09,13.4000,22,332368.0000,248,S,13.3900,13.3800,13.3700,13.3600,13.3500,13.4000,13.4100,13.4200,13.4300,13.4400,1705,1541,326,1076,1310,183,315,3184,578,1272
SZ,000001,2019-06-25 09:53:12,13.4100,27,645952.0000,482,B,13.4000,13.3900,13.3800,13.3700,13.3600,13.4100,13.4200,13.4300,13.4400,13.4500,5441,1884,1513,332,1081,305,3184,573,1272,343
SZ,000001,2019-06-25 09:53:15,13.4100,16,249392.0000,186,B,13.4000,13.3900,13.3800,13.3700,13.3600,13.4100,13.4200,13.4300,13.4400,13.4500,5703,1999,1513,332,1081,152,3184,573,1272,343
SZ,000001,2019-06-25 09:53:18,13.4200,32,488048.0000,364,B,13.4100,13.4000,13.3900,13.3800,13.3700,13.4200,13.4300,13.4400,13.4500,13.4600,455,6284,1933,1513,336,2989,573,1272,345,539
SZ,000001,2019-06-25 09:53:21,13.4200,11,344880.0000,257,B,13.4100,13.4000,13.3900,13.3800,13.3700,13.4200,13.4300,13.4400,13.4500,13.4600,1251,6295,1928,1518,336,2744,581,1272,348,539
SZ,000001,2019-06-25 09:53:24,13.4100,11,622320.0000,464,S,13.4100,13.4000,13.3900,13.3800,13.3700,13.4200,13.4300,13.4400,13.4500,13.4600,1320,6097,2053,1525,336,2640,581,1272,348,539
SZ,000001,2019-06-25 09:53:27,13.4100,19,1631232.0000,1216,S,13.4100,13.4000,13.3900,13.3800,13.3700,13.4200,13.4300,13.4400,13.4500,13.4600,876,6195,2073,1525,336,2067,581,1268,345,539
SZ,000001,2019-06-25 09:53:30,13.4200,21,2074736.0000,1546,B,13.4100,13.4000,13.3900,13.3800,13.3700,13.4200,13.4300,13.4400,13.4500,13.4600,939,895,2088,1535,332,517,581,1268,345,539
SZ,000001,2019-06-25 09:53:33,13.4000,89,3033744.0000,2263,S,13.3900,13.3800,13.3700,13.3600,13.3500,13.4000,13.4200,13.4300,13.4400,13.4500,2182,1583,332,1096,1384,3683,348,655,1268,348
SZ,000001,2019-06-25 09:53:36,13.4000,14,418080.0000,312,B,13.3900,13.3800,13.3700,13.3600,13.3500,13.4000,13.4200,13.4300,13.4400,13.4500,2619,1593,332,1101,1386,3372,361,655,1268,348
SZ,000001,2019-06-25 09:53:39,13.4000,13,4606864.0000,3438,B,13.4000,13.3900,13.3800,13.3700,13.3600,13.4100,13.4200,13.4300,13.4400,13.4500,2105,2552,1632,332,1111,6,375,655,1268,373
SZ,000001,2019-06-25 09:53:42,13.4000,15,666592.0000,497,S,13.4000,13.3900,13.3800,13.3700,13.3600,13.4100,13.4200,13.4300,13.4400,13.4500,2952,2147,1663,336,1101,4,335,656,1268,387
SZ,000001,2019-06-25 09:53:45,13.4000,13,246640.0000,184,S,13.4000,13.3900,13.3800,13.3700,13.3600,13.4100,13.4200,13.4300,13.4400,13.4500,3139,2122,1715,346,1106,66,307,656,1268,387
SZ,000001,2019-06-25 09:53:48,13.4000,21,281664.0000,210,S,13.4100,13.4000,13.3900,13.3800,13.3700,13.4200,13.4300,13.4400,13.4500,13.4600,76,3238,2122,1710,346,264,656,1268,387,550
SZ,000001,2019-06-25 09:53:51,13.4100,4,216048.0000,161,S,13.4100,13.4000,13.3900,13.3800,13.3700,13.4200,13.4300,13.4400,13.4500,13.4600,231,3267,2153,1713,356,46,656,1268,387,550
SZ,000001,2019-06-25 09:53:54,13.4100,19,942752.0000,703,S,13.4100,13.4000,13.3900,13.3800,13.3700,13.4200,13.4300,13.4400,13.4500,13.4600,377,2791,2153,1723,356,15,656,1268,439,550
SZ,000001,2019-06-25 09:53:57,13.4200,4,270896.0000,202,B,13.4200,13.4100,13.4000,13.3900,13.3800,13.4300,13.4400,13.4500,13.4600,13.4700,56,221,2839,2163,1742,729,1268,439,550,322
SZ,000001,2019-06-25 09:54:00,13.4200,18,700736.0000,522,S,13.4100,13.4000,13.3900,13.3800,13.3700,13.4200,13.4300,13.4400,13.4500,13.4600,159,2942,2153,1766,361,270,718,1268,199,424
SZ,000001,2019-06-25 09:54:03,13.4200,27,387680.0000,289,B,13.4100,13.4000,13.3900,13.3800,13.3700,13.4200,13.4300,13.4400,13.4500,13.4600,98,2965,2173,1776,361,660,718,1268,199,424
SZ,000001,2019-06-25 09:54:06,13.4100,29,476112.0000,355,S,13.4000,13.3900,13.3800,13.3700,13.3600,13.4100,13.4200,13.4300,13.4400,13.4500,2962,2161,1777,366,1314,102,788,718,1268,199
SZ,000001,2019-06-25 09:54:09,13.4300,16,1540352.0000,1148,B,13.4200,13.4100,13.4000,13.3900,13.3800,13.4300,13.4400,13.4500,13.4600,13.4700,487,40,2928,2161,1782,717,1268,199,424,322
SZ,000001,2019-06-25 09:54:12,13.4200,5,514096.0000,383,S,13.4200,13.4100,13.4000,13.3900,13.3800,13.4300,13.4400,13.4500,13.4600,13.4700,408,490,2987,2160,1782,463,1268,199,424,322
SZ,000001,2019-06-25 09:54:15,13.4200,7,91248.0000,68,S,13.4200,13.4100,13.4000,13.3900,13.3800,13.4300,13.4400,13.4500,13.4600,13.4700,360,550,2985,2139,1787,465,1268,197,424,322
SZ,000001,2019-06-25 09:54:18,13.4200,7,139632.0000,104,S,13.4200,13.4100,13.4000,13.3900,13.3800,13.4300,13.4400,13.4500,13.4600,13.4700,340,591,2825,2141,1791,407,1268,197,424,322
SZ,000001,2019-06-25 09:54:21,13.4200,11,183872.0000,137,S,13.4200,13.4100,13.4000,13.3900,13.3800,13.4300,13.4400,13.4500,13.4600,13.4700,788,700,2930,2133,1811,396,1268,197,424,322
SZ,000001,2019-06-25 09:54:24,13.4200,6,91248.0000,68,S,13.4200,13.4100,13.4000,13.3900,13.3800,13.4300,13.4400,13.4500,13.4600,13.4700,737,900,3066,2143,1791,395,1268,207,424,322
SZ,000001,2019-06-25 09:54:27,13.4200,6,128912.0000,96,S,13.4200,13.4100,13.4000,13.3900,13.3800,13.4300,13.4400,13.4500,13.4600,13.4700,739,907,3133,2143,1803,320,1268,207,424,322
SZ,000001,2019-06-25 09:54:30,13.4300,15,253792.0000,189,B,13.4200,13.4100,13.4000,13.3900,13.3800,13.4300,13.4400,13.4500,13.4600,13.4700,762,931,3203,2153,1823,181,1268,207,424,322
SZ,000001,2019-06-25 09:54:33,13.4200,36,1332704.0000,993,S,13.4100,13.4000,13.3900,13.3800,13.3700,13.4200,13.4300,13.4400,13.4500,13.4600,968,3220,2153,1823,373,2163,116,1268,224,424
SZ,000001,2019-06-25 09:54:36,13.4200,15,932448.0000,695,B,13.4100,13.4000,13.3900,13.3800,13.3700,13.4200,13.4300,13.4400,13.4500,13.4600,974,3222,2153,1901,373,1742,175,1268,224,434
SZ,000001,2019-06-25 09:54:39,13.4100,32,945440.0000,705,S,13.4100,13.4000,13.3900,13.3800,13.3700,13.4200,13.4300,13.4400,13.4500,13.4600,303,3237,2158,1951,373,1720,175,1268,224,434
SZ,000001,2019-06-25 09:54:42,13.4100,27,889200.0000,663,S,13.4000,13.3900,13.3800,13.3700,13.3600,13.4100,13.4200,13.4300,13.4400,13.4500,3257,2157,1967,373,1349,331,1596,187,1268,172
SZ,000001,2019-06-25 09:54:45,13.4100,11,384544.0000,287,B,13.4000,13.3900,13.3800,13.3700,13.3600,13.4100,13.4200,13.4300,13.4400,13.4500,3131,2157,1969,373,1368,324,1594,160,1268,172
SZ,000001,2019-06-25 09:54:48,13.4000,11,174240.0000,130,S,13.4000,13.3900,13.3800,13.3700,13.3600,13.4100,13.4200,13.4300,13.4400,13.4500,3257,2157,1969,388,1368,283,1714,160,1268,172
SZ,000001,2019-06-25 09:54:51,13.4000,21,2558640.0000,1909,S,13.4100,13.4000,13.3900,13.3800,13.3700,13.4200,13.4300,13.4400,13.4500,13.4600,10,1923,2177,1973,388,1714,160,1268,172,405
SZ,000001,2019-06-25 09:54:54,13.4100,17,1143376.0000,853,S,13.4000,13.3900,13.3800,13.3700,13.3600,13.4100,13.4200,13.4300,13.4400,13.4500,1336,2191,1973,388,1411,1146,1714,160,1268,172
SZ,000001,2019-06-25 09:54:57,13.4100,92,2761584.0000,2060,B,13.4000,13.3900,13.3800,13.3700,13.3600,13.4100,13.4200,13.4300,13.4400,13.4500,636,2193,1873,388,1416,468,1714,160,1268,172
SZ,000001,2019-06-25 09:55:00,13.4100,60,2142480.0000,1599,B,13.4000,13.3900,13.3800,13.3700,13.3600,13.4100,13.4200,13.4300,13.4400,13.4500,73,1946,1873,388,1416,598,1724,117,1268,172
SZ,000001,2019-06-25 09:55:03,13.4000,22,811744.0000,606,S,13.3900,13.3800,13.3700,13.3600,13.3500,13.4000,13.4100,13.4200,13.4300,13.4400,1654,1873,388,1416,1554,622,776,1735,117,1268
SZ,000001,2019-06-25 09:55:06,13.3900,36,1541680.0000,1151,S,13.3900,13.3800,13.3700,13.3600,13.3500,13.4000,13.4100,13.4200,13.4300,13.4400,1295,1873,388,1416,1556,47,776,1745,117,1268
SZ,000001,2019-06-25 09:55:09,13.4100,37,938736.0000,701,B,13.4000,13.3900,13.3800,13.3700,13.3600,13.4100,13.4200,13.4300,13.4400,13.4500,283,683,1874,388,1416,775,1745,117,1268,232
SZ,000001,2019-06-25 09:55:12,13.4000,32,869584.0000,649,S,13.4000,13.3900,13.3800,13.3700,13.3600,13.4100,13.4200,13.4300,13.4400,13.4500,168,353,1857,454,1265,734,1745,117,1268,232
SZ,000001,2019-06-25 09:55:15,13.4000,33,606896.0000,453,S,13.4000,13.3900,13.3800,13.3700,13.3600,13.4100,13.4200,13.4300,13.4400,13.4500,74,218,1849,454,1265,723,1745,417,1268,232
SZ,000001,2019-06-25 09:55:18,13.4000,23,1189024.0000,887,S,13.3900,13.3800,13.3700,13.3600,13.3500,13.4000,13.4100,13.4200,13.4300,13.4400,337,1923,459,1273,1550,170,729,1745,454,1268
SZ,000001,2019-06-25 09:55:21,13.4000,50,1007072.0000,752,B,13.4000,13.3900,13.3800,13.3700,13.3600,13.4100,13.4200,13.4300,13.4400,13.4500,308,65,1793,459,1278,726,1986,454,1268,242
SZ,000001,2019-06-25 09:55:24,13.4000,26,895024.0000,668,S,13.3900,13.3800,13.3700,13.3600,13.3500,13.4000,13.4100,13.4200,13.4300,13.4400,22,1793,459,1278,1573,465,759,1971,454,1268
SZ,000001,2019-06-25 09:55:27,13.4000,14,922816.0000,689,B,13.3900,13.3800,13.3700,13.3600,13.3500,13.4000,13.4100,13.4200,13.4300,13.4400,19,1685,461,1278,1593,659,771,1971,454,1268
SZ,000001,2019-06-25 09:55:30,13.3900,11,396224.0000,296,S,13.3800,13.3700,13.3600,13.3500,13.3400,13.3900,13.4000,13.4100,13.4200,13.4300,1579,511,1278,1603,198,79,1160,771,1971,454
SZ,000001,2019-06-25 09:55:33,13.3900,23,995232.0000,743,B,13.3800,13.3700,13.3600,13.3500,13.3400,13.3900,13.4000,13.4100,13.4200,13.4300,1450,528,1278,1603,198,297,675,771,1971,449
SZ,000001,2019-06-25 09:55:36,13.3800,147,2445024.0000,1828,S,13.3700,13.3600,13.3500,13.3400,13.3300,13.3800,13.3900,13.4000,13.4100,13.4200,526,1278,1623,198,847,3895,234,675,771,1971
SZ,000001,2019-06-25 09:55:39,13.3700,112,4633888.0000,3465,S,13.3600,13.3500,13.3400,13.3300,13.3200,13.3700,13.3800,13.3900,13.4000,13.4100,833,1659,198,847,559,388,2305,341,696,771
SZ,000001,2019-06-25 09:55:42,13.3600,84,2810848.0000,2104,S,13.3600,13.3500,13.3400,13.3300,13.3200,13.3700,13.3800,13.3900,13.4000,13.4100,10,1486,198,847,559,342,2304,341,696,477
SZ,000001,2019-06-25 09:55:45,13.3700,51,2177312.0000,1629,B,13.3700,13.3600,13.3500,13.3400,13.3300,13.3800,13.3900,13.4000,13.4100,13.4200,99,16,977,198,868,2304,130,696,477,1961
SZ,000001,2019-06-25 09:55:48,13.3600,24,1836320.0000,1374,S,13.3600,13.3500,13.3400,13.3300,13.3200,13.3800,13.3900,13.4000,13.4100,13.4200,118,736,198,876,559,2300,130,694,477,1961
SZ,000001,2019-06-25 09:55:51,13.3600,23,590240.0000,442,S,13.3500,13.3400,13.3300,13.3200,13.3100,13.3600,13.3700,13.3800,13.3900,13.4000,524,209,876,559,1314,275,143,2303,130,694
SZ,000001,2019-06-25 09:55:54,13.3700,45,834752.0000,625,B,13.3600,13.3500,13.3400,13.3300,13.3200,13.3700,13.3800,13.3900,13.4000,13.4100,1227,462,223,876,558,293,2300,135,704,475
SZ,000001,2019-06-25 09:55:57,13.3600,27,2432576.0000,1820,S,13.3600,13.3500,13.3400,13.3300,13.3200,13.3700,13.3800,13.3900,13.4000,13.4100,569,508,252,876,558,434,2280,135,704,475
SZ,000001,2019-06-25 09:56:00,13.3600,54,1764384.0000,1321,S,13.3500,13.3400,13.3300,13.3200,13.3100,13.3600,13.3700,13.3800,13.3900,13.4000,107,252,876,564,1339,68,432,2278,135,704
SZ,000001,2019-06-25 09:56:03,13.3500,38,887552.0000,665,S,13.3400,13.3300,13.3200,13.3100,13.3000,13.3500,13.3600,13.3700,13.3800,13.3900,102,876,544,1409,1843,69,1099,430,2278,135
SZ,000001,2019-06-25 09:56:06,13.3600,34,625856.0000,469,B,13.3500,13.3400,13.3300,13.3200,13.3100,13.3600,13.3700,13.3800,13.3900,13.4000,56,568,872,564,1444,1337,430,2278,135,704
SZ,000001,2019-06-25 09:56:09,13.3500,13,631328.0000,473,S,13.3400,13.3300,13.3200,13.3100,13.3000,13.3500,13.3600,13.3700,13.3800,13.3900,742,872,673,1448,1920,451,1337,450,2278,135
SZ,000001,2019-06-25 09:56:12,13.3500,15,425632.0000,319,B,13.3400,13.3300,13.3200,13.3100,13.3000,13.3500,13.3600,13.3700,13.3800,13.3900,670,872,673,1478,1941,437,1432,450,2278,135
SZ,000001,2019-06-25 09:56:15,13.3400,35,1881792.0000,1411,S,13.3300,13.3200,13.3100,13.3000,13.2900,13.3400,13.3600,13.3700,13.3800,13.3900,875,684,1561,1942,229,913,1433,450,2278,135
SZ,000001,2019-06-25 09:56:18,13.3400,71,1797280.0000,1348,B,13.3300,13.3200,13.3100,13.3000,13.2900,13.3400,13.3600,13.3700,13.3800,13.3900,180,769,1661,1962,229,910,1429,490,2278,135
SZ,000001,2019-06-25 09:56:21,13.3200,76,2400992.0000,1802,S,13.3100,13.3000,13.2900,13.2800,13.2700,13.3200,13.3300,13.3400,13.3500,13.3600,1676,1969,224,492,155,843,1058,920,3,1435
SZ,000001,2019-06-25 09:56:24,13.3200,60,2481760.0000,1864,B,13.3100,13.3000,13.2900,13.2800,13.2700,13.3200,13.3300,13.3400,13.3500,13.3600,1041,1960,224,492,155,65,1085,922,3,445
SZ,000001,2019-06-25 09:56:27,13.3200,67,4086400.0000,3069,B,13.3100,13.3000,13.2900,13.2800,13.2700,13.3200,13.3300,13.3400,13.3500,13.3600,103,2629,224,492,155,10,848,940,3,445
SZ,000001,2019-06-25 09:56:30,13.3000,191,4830176.0000,3631,S,13.2900,13.2800,13.2700,13.2600,13.2500,13.3000,13.3100,13.3300,13.3400,13.3500,274,492,149,250,793,73,55,970,920,8
SZ,000001,2019-06-25 09:56:33,13.3000,71,3696352.0000,2780,B,13.3000,13.2900,13.2800,13.2700,13.2600,13.3100,13.3300,13.3400,13.3500,13.3600,186,147,492,199,255,190,642,920,8,331
SZ,000001,2019-06-25 09:56:36,13.3300,42,2079872.0000,1564,B,13.3100,13.3000,13.2900,13.2800,13.2700,13.3200,13.3300,13.3400,13.3500,13.3600,102,640,17,611,199,699,622,902,8,331
SZ,000001,2019-06-25 09:56:39,13.3000,77,3656960.0000,2749,S,13.2800,13.2700,13.2600,13.2500,13.2400,13.3000,13.3100,13.3200,13.3300,13.3400,75,199,355,827,664,40,372,133,622,902
SZ,000001,2019-06-25 09:56:42,13.3100,74,2122944.0000,1599,B,13.3000,13.2900,13.2800,13.2700,13.2600,13.3100,13.3200,13.3300,13.3400,13.3500,34,397,30,500,145,290,133,622,902,6
SZ,000001,2019-06-25 09:56:45,13.2900,35,1357728.0000,1021,S,13.2900,13.2800,13.2700,13.2600,13.2500,13.3000,13.3100,13.3200,13.3300,13.3400,18,192,500,245,828,262,41,156,675,905
SZ,000001,2019-06-25 09:56:48,13.3000,61,1378016.0000,1036,B,13.3000,13.2900,13.2800,13.2700,13.2600,13.3100,13.3200,13.3300,13.3400,13.3500,55,505,1384,530,345,33,159,675,905,6
SZ,000001,2019-06-25 09:56:51,13.3000,44,2095680.0000,1576,S,13.2900,13.2800,13.2700,13.2600,13.2500,13.3000,13.3100,13.3200,13.3300,13.3400,1463,2251,530,419,751,692,1,159,563,905
SZ,000001,2019-06-25 09:56:54,13.3000,67,2896192.0000,2178,B,13.3000,13.2900,13.2800,13.2700,13.2600,13.3200,13.3300,13.3400,13.3500,13.3600,99,1176,2473,30,529,40,588,905,6,250
SZ,000001,2019-06-25 09:56:57,13.3000,64,3914464.0000,2944,S,13.3000,13.2900,13.2800,13.2700,13.2600,13.3100,13.3200,13.3300,13.3400,13.3500,130,207,2463,78,540,57,2,581,905,6
SZ,000001,2019-06-25 09:57:00,13.3200,55,2969600.0000,2234,B,13.3000,13.2900,13.2800,13.2700,13.2600,13.3200,13.3300,13.3400,13.3500,13.3600,100,91,1746,87,574,113,581,905,166,376
SZ,000001,2019-06-25 09:57:03,13.3000,33,2742432.0000,2062,S,13.2900,13.2800,13.2700,13.2600,13.2500,13.3000,13.3200,13.3300,13.3400,13.3500,1214,1695,87,612,867,591,1,581,905,166
SZ,000001,2019-06-25 09:57:06,13.3100,39,3674880.0000,2764,B,13.3100,13.3000,13.2900,13.2800,13.2700,13.3200,13.3300,13.3400,13.3500,13.3600,27,4,515,1797,87,59,598,905,166,376
SZ,000001,2019-06-25 09:57:09,13.3100,23,1014336.0000,763,S,13.3000,13.2900,13.2800,13.2700,13.2600,13.3100,13.3200,13.3300,13.3400,13.3500,3725,50,1798,87,853,686,59,598,922,166
SZ,000001,2019-06-25 09:57:12,13.3100,27,1899008.0000,1427,B,13.3000,13.2900,13.2800,13.2700,13.2600,13.3100,13.3200,13.3300,13.3400,13.3500,3957,687,1797,108,862,571,59,598,922,166
SZ,000001,2019-06-25 09:57:15,13.3300,33,5933472.0000,4460,B,13.3200,13.3100,13.3000,13.2900,13.2800,13.3300,13.3400,13.3500,13.3600,13.3700,10,111,1831,759,1850,591,922,166,364,806
SZ,000001,2019-06-25 09:57:18,13.3200,22,2262080.0000,1700,S,13.3100,13.3000,13.2900,13.2800,13.2700,13.3200,13.3300,13.3400,13.3500,13.3600,245,1015,796,1932,150,1164,593,922,187,364
SZ,000001,2019-06-25 09:57:21,13.3200,35,1188608.0000,893,B,13.3100,13.3000,13.2900,13.2800,13.2700,13.3200,13.3300,13.3400,13.3500,13.3600,225,946,796,1937,147,984,593,922,210,364
SZ,000001,2019-06-25 09:57:24,13.3100,35,1918848.0000,1441,S,13.3100,13.3000,13.2900,13.2800,13.2700,13.3200,13.3300,13.3400,13.3500,13.3600,485,957,826,1957,147,90,201,922,210,364
SZ,000001,2019-06-25 09:57:27,13.3100,33,1255008.0000,943,S,13.3100,13.3000,13.2900,13.2800,13.2700,13.3200,13.3300,13.3400,13.3500,13.3600,261,884,1358,1954,148,94,211,922,214,364
SZ,000001,2019-06-25 09:57:30,13.3000,50,2517984.0000,1893,S,13.2900,13.2800,13.2700,13.2600,13.2500,13.3000,13.3100,13.3200,13.3300,13.3400,1393,1674,148,808,1023,1062,236,99,211,922
SZ,000001,2019-06-25 09:57:33,13.3000,44,1960672.0000,1475,B,13.2900,13.2800,13.2700,13.2600,13.2500,13.3000,13.3100,13.3200,13.3300,13.3400,568,675,167,809,1053,679,238,109,169,922
SZ,000001,2019-06-25 09:57:36,13.3000,70,4517408.0000,3398,B,13.3000,13.2900,13.2800,13.2700,13.2600,13.3100,13.3200,13.3300,13.3400,13.3500,564,409,588,169,837,57,115,329,922,219
SZ,000001,2019-06-25 09:57:39,13.3000,49,2085600.0000,1569,S,13.2900,13.2800,13.2700,13.2600,13.2500,13.3000,13.3100,13.3200,13.3300,13.3400,38,227,188,900,1056,851,710,115,329,922
SZ,000001,2019-06-25 09:57:42,13.2900,38,2007968.0000,1511,S,13.2800,13.2700,13.2600,13.2500,13.2400,13.2900,13.3000,13.3100,13.3200,13.3300,42,370,920,1091,674,56,1663,746,115,329
SZ,000001,2019-06-25 09:57:45,13.2800,34,881408.0000,664,S,13.2700,13.2600,13.2500,13.2400,13.2300,13.2800,13.2900,13.3000,13.3100,13.3200,34,944,1091,674,253,236,371,1462,756,124
SZ,000001,2019-06-25 09:57:48,13.2800,39,1165344.0000,878,B,13.2800,13.2700,13.2600,13.2500,13.2400,13.2900,13.3000,13.3100,13.3200,13.3300,8,387,852,1111,674,655,1504,738,124,329
